4522 5760
109 204 158 279 fd

109 374 261 447 entem
274 374 474 460 doctrinae,
499 373 668 443 absurdas
683 386 719 443 et
730 384 946 443 monstrosas
962 372 1104 463 opinio-

108 500 171 547 nes
184 476 313 549 audire
327 490 362 547 et
376 476 605 567 comprobare
618 476 658 544 in
670 476 877 545 universum
892 488 1076 564 coguntur.

209 576 285 649 Nec
301 573 473 661 haetenus
487 600 646 670 unquam
663 577 769 667 plane
783 576 911 647 reiecta
927 590 962 646 et
978 598 1019 645 ea
1032 573 1104 645 Ee-

109 678 215 749 clesia
238 679 469 750 exterminata
490 679 559 747 fuit
581 692 700 748 nostra
726 678 906 757 doctrina,
941 678 1001 746 sed
1022 699 1104 768 per-

108 780 236 865 missa,
272 782 387 851 donec
409 781 467 849 vel
488 781 652 867 generale
677 779 735 849 vel
758 780 937 849 nationale
962 800 1104 868 cogere-

108 896 169 953 tur
185 880 398 965 confilium,
429 904 470 950 ac
488 881 528 950 in
550 906 592 949 eo
610 876 684 950 bac
701 881 906 970 gravissima
922 883 966 951 de
982 903 1021 949 re
1035 878 1101 947 ali-

109 982 199 1077 quid
234 982 322 1053 certi
351 984 622 1052 concluderetur
653 995 758 1075 atque
784 982 1024 1059 decideretur,
1065 982 1102 1048 id

110 1085 210 1179 quod
227 1108 270 1153 ex
282 1085 430 1154 decretis
443 1083 686 1167 comitiorum,
712 1097 813 1153 antea
826 1084 1103 1166 nominatorum,

110 1187 262 1278 planum
276 1185 354 1255 lieri
367 1199 472 1278 atque
490 1184 634 1275 probari
647 1198 773 1275 potest.

212 1284 275 1357 Ad
298 1281 383 1369 hoe,
415 1286 577 1356 nondum
601 1287 752 1356 convicti
774 1308 916 1370 sumus,
954 1309 1020 1355 nos
1046 1285 1103 1353 vel

111 1390 300 1459 damnatos
336 1388 394 1457 v'el
431 1383 625 1457 haereticos
666 1386 832 1457 articulos
866 1386 1103 1479 proposuisse,

95 1480 210 1583 ‘quod
228 1502 350 1561 tamen
366 1514 386 1558 a
402 1489 589 1558 nonnullis
604 1490 830 1578 Augustanae
846 1489 996 1558 civitatis
1017 1512 1105 1556 con-

113 1589 356 1665 cionatoribus
372 1591 567 1660 factitatum
582 1612 655 1659 esse
668 1589 854 1674 novimus,
880 1591 920 1657 in
934 1614 1022 1684 quos
1038 1612 1106 1657 no-

113 1700 184 1763 st'ra
195 1692 362 1761 doctrina
376 1691 545 1761 acerrime
561 1687 760 1775 invehitur,
792 1714 920 1784 eosque
933 1716 999 1782 pro
1019 1714 1107 1760 con-

116 1794 217 1863 cione
229 1792 433 1884 saepissime
447 1805 638 1883 oppugnat.
683 1791 796 1881 igitur
809 1792 848 1864 in
862 1794 993 1863 bonam
1010 1815 1106 1882 spem

117 1894 303 1980 venimus,
335 1918 377 1962 ex
402 1908 522 1964 nostra
545 1893 705 1963 doctrina
728 1907 916 1985 propagata
941 1908 975 1965 et
997 1895 1107 1962 disse-

114 1996 249 2069 minata
289 1996 444 2065 multam
467 2018 688 2065 accessurum
721 1996 901 2064 commodi
938 2020 978 2064 ac
1010 2018 1108 2065 emo·

115 2096 270 2167 iumenti
291 2096 486 2188 plerisque,
519 2120 667 2188 eamque
682 2096 737 2164 vel
753 2098 964 2181 nonnullos,
998 2109 1039 2166 ut
1053 2118 1108 2164 se-

116 2199 168 2269 rio
181 2208 326 2291 peccata
345 2210 535 2287 agnoscant
560 2210 595 2267 et
617 2198 873 2288 poenitentiam
893 2210 1018 2288 agant,
1050 2221 1110 2266 ex-

116 2299 323 2382 citaturum,
353 2300 411 2369 vel
435 2300 530 2392 apud
552 2301 741 2391 quosdam,
780 2312 823 2369 ut
845 2323 882 2369 se
904 2322 1036 2369 errasse
1056 2298 1110 2367 fa-

116 2414 277 2484 tantur,
319 2414 424 2493 atque
445 2401 485 2471 in
510 2401 604 2469 viam
627 2400 745 2469 redire
767 2402 929 2492 cupiant,
968 2400 1113 2470 effectu-

117 2524 304 2575 ramesse.

219 2601 296 2673 Nec
316 2600 499 2673 Celsitudo
525 2603 637 2695 ipsius
658 2627 824 2693 generoso
845 2606 965 2674 animo
999 2618 1033 2673 et
1051 2603 1113 2695 pio

119 2704 192 2777 reio
215 2704 367 2792 dignum
389 2704 559 2796 quiddam
584 2706 716 2776 faceret
736 2706 776 2774 in
799 2706 972 2775 eiusmodi
985 2704 1113 2775 Caesa-

119 2828 198 2877 reae
212 2804 413 2877 Maiestatis
432 2806 606 2896 postulata
629 2808 825 2876 concedens
843 2824 948 2901 atque
963 2830 1114 2876 consen-

120 2906 227 2991 tiens,
252 2907 284 2974 si
297 2907 443 2999 quidem
458 2906 497 2975 in
510 2906 730 2979 Celsitudine
744 2909 873 3000 ipsius,
903 2921 944 2979 ut
960 2909 998 2976 in
1013 2908 1113 2977 cuius

121 3008 301 3087 territorio
329 3022 433 3100 atque
455 3008 618 3079 dominio
638 3008 796 3099 primurn
817 3010 975 3080 mirabili
999 3022 1034 3078 et
1056 3010 1113 3077 in-

122 3110 318 3179 enarrabili
342 3111 449 3179 modo
478 3104 565 3181 haec
598 3112 757 3181 doctrina
789 3112 992 3203 repurgari,
1029 3110 1114 3179 illu-

123 3211 225 3283 suari
252 3223 288 3285 et
310 3212 496 3302 propagari
517 3224 640 3302 coepta
655 3212 719 3296 sit,
751 3214 910 3283 omnium
925 3208 1112 3283 hominum

124 3311 227 3383 delixi
242 3306 411 3383 haereant
426 3314 539 3397 oculi,
567 3336 608 3381 ae
624 3312 722 3383 illam
739 3328 909 3407 tanquam
927 3336 1114 3383 commune

124 3413 323 3504 exemplum
347 3413 569 3505 propositum
591 3408 761 3499 habeant,
791 3417 830 3484 in
854 3419 949 3508 quod
971 3416 1114 3483 intuen-

125 3528 194 3601 tes,
215 3538 265 3583 ne
278 3515 366 3605 quid
382 3515 439 3582 vel
454 3538 638 3607 perperam
654 3529 823 3601 statuant,
855 3517 913 3584 vel
928 3517 1035 3584 verbo
1058 3517 1114 3583 di-

125 3615 210 3687 vino
240 3615 461 3686 coritrarium
491 3616 729 3701 committant,
770 3640 908 3686 samma
930 3617 1114 3705 diligentia

102 3750 107 3757 ·
124 3730 346 3810 praecawm.
398 3715 604 3786 Verendum
620 3717 724 3787 etiam
741 3731 846 3803 esset,
878 3742 924 3787 ne
940 3718 1114 3787 eiusmodi

125 3819 385 3891 remetientes
398 3818 603 3909 postulatis,
626 3820 817 3890 fenestram
832 3818 1115 3910 patefaceremus,

125 3932 159 3991 et
171 3920 276 3989 viam
293 3932 546 4004 sterneremus,
580 3920 621 3989 in
642 3922 783 3990 civitate
799 3917 1005 4010 Augustana
1027 3921 1115 4009 legi-

125 4020 211 4095 sime
231 4020 366 4090 vomtis
387 4021 488 4089 verbi
510 4020 681 4091 ministris
702 4046 765 4093 sua
786 4036 910 4113 sponte
928 4021 1115 4093 abdicandi

127 4144 198 4195 sese
214 4122 446 4213 praedicandi
464 4146 620 4195 munere.

226 4220 271 4295 si
284 4246 369 4291 vero
384 4218 550 4292 Caesarea
567 4221 735 4293 Maiestas
756 4222 871 4294 edicto
892 4224 1115 4315 promulgato

128 4346 249 4397 terere
272 4324 489 4414 praeceperit
513 4338 618 4417 atque
636 4325 877 4409 mandaverit,
909 4338 951 4395 ut
965 4327 1010 4395 ad
1027 4340 1117 4395 tem-

126 4448 193 4520 pns
206 4426 249 4495 in
263 4424 416 4516 publicis
432 4424 519 4495 loeis
540 4426 801 4516 suspendantur
825 4438 860 4495 et
879 4425 1118 4497 intermittan-

126 4542 185 4601 tur
199 4526 408 4609 conciones,
442 4521 678 4597 nibilominus
695 4525 734 4597 in
756 4520 919 4619 hospitiis
944 4542 978 4599 et
998 4530 1119 4620 priva-

127 4630 172 4721 tis
190 4628 284 4699 locis
301 4628 394 4697 illud
407 4626 482 4696 fieri
497 4628 710 4712 concedens,
742 4652 820 4699 non
832 4632 1117 4719 repugnandrun:

127 4732 188 4801 sed
208 4730 419 4813 ferendam,
449 4741 483 4797 et
497 4726 684 4799 Caesareae
700 4726 894 4799 lifaiestatis
916 4731 1031 4801 edicto
1054 4756 1120 4821 pa-

126 4832 283 4901 rendum
304 4852 377 4898 esse
398 4830 623 4909 arbitramur.
685 4829 769 4901 Non
793 4831 890 4901 enirn
919 4832 1024 4902 nobis
1052 4828 1118 4903 bac

128 4931 270 5003 ratione
291 4931 519 5021 praedicandi
542 4954 689 4999 munere
712 4931 954 5016 interdicitur,
987 4934 1047 5001 sed
1064 4934 1119 5001 lo-

128 5056 193 5103 cus
208 5034 455 5102 tantummodo
470 5044 644 5116 mutatur,
668 5033 763 5125 quod
781 5045 814 5102 et
829 5047 929 5102 antea
946 5035 985 5103 in
998 5032 1121 5103 Comi-

127 5130 434 5225 tiisSpirensibas
454 5135 583 5203 facturn
602 5155 675 5201 esse
689 5134 927 5205 meminimus.
979 5132 1037 5205 Ad
1051 5131 1120 5206 hoc

127 5234 316 5305 Celsitudo
340 5233 450 5325 ipsius
472 5229 670 5321 Augustae,
708 5247 830 5326 utpote
855 5236 895 5305 in
916 5236 996 5306 loco
1018 5260 1120 5329 pere-

127 5336 254 5426 grino,
292 5335 391 5402 etin
420 5358 490 5426 quo
521 5334 709 5425 imperium
735 5336 875 5406 nullum
900 5331 1024 5424 habet,
1058 5340 1120 5413 tali

180 5440 364 5539 Mactaris.
377 5438 480 5504 Ocra.
499 5437 583 5503 voe.
601 5438 645 5504 ll.

611 278 616 287 ,
707 148 1145 275 artsronsron
1194 194 1376 299 mnu
1430 192 1562 271 esse

2091 188 2143 264 fd

1154 366 1344 439 Caesareae
1360 366 1556 439 Maiestatis
1572 366 1687 436 edicto
1703 364 1897 436 necessario
1911 377 2011 456 paret
2025 376 2060 433 et
2075 364 2143 433 ob-

1154 471 1332 563 sequitur,
1372 496 1454 540 cum
1476 468 1659 541 doctrinae
1685 468 1890 559 propagatio
1913 490 1989 535 non
2016 460 2146 557 probi-

1154 574 1297 653 beatur,
1330 596 1395 641 nec
1418 573 1516 642 locus
1538 569 1629 639 alius
1650 570 1696 639 ab
1716 569 1786 638 alio
1802 580 1974 662 quantum
1990 568 2142 651 differat,

1154 675 1257 743 facile
1273 687 1448 765 appareat.
1499 672 1601 743 Utin
1617 670 1710 744 Psal.
1731 671 1876 741 dicitur:
1908 665 2072 738 Domini
2090 676 2143 737 est

1155 782 1270 856 terra,
1297 783 1329 843 et
1342 769 1535 871 plenitudo
1547 771 1635 843 cias.

1155 940 1263 1041 Quid
1281 971 1361 1017 aero
1373 940 1611 1047 faciendam,
1642 942 1680 1013 si
1701 967 1775 1013 nan
1797 951 1943 1013 tantum
1957 935 2141 1014 Caesarea

1155 1044 1366 1126 Maiestas,
1409 1072 1528 1117 ceram
1556 1047 1666 1116 etiam
1698 1069 1820 1115 omnes
1844 1041 2001 1141 Inrperii
2022 1053 2143 1113 statas

1155 1160 1263 1248 atque
1292 1143 1438 1219 ordines
1465 1147 1650 1219 conciones
1667 1145 1782 1242 plane
1805 1145 1987 1243 abrogari
2005 1156 2036 1217 et
2058 1170 2142 1215 sas-

1478 1246 1593 1348 pendi
1614 1246 1817 1318 voluerint?

1256 1384 1326 1456 llic
1353 1385 1541 1475 dupliciter
1568 1384 1774 1475 responderi
1803 1397 1926 1473 potest.
1981 1380 2145 1454 Primum

1157 1488 1252 1560 enim
1274 1512 1369 1555 nunc
1387 1488 1555 1578 temporis
1571 1486 1669 1553 verbi
1686 1486 1865 1554 ministros
1879 1508 1952 1553 non
1969 1486 2088 1555 minus
2104 1512 2143 1556 ac

1158 1591 1244 1660 olim
1265 1588 1473 1681 Apostolos,
1517 1580 1660 1656 Christo
1679 1588 1742 1677 per
1763 1586 1883 1655 omnia
1903 1588 2144 1679 obtemperare

1158 1706 1262 1785 atque
1277 1690 1425 1782 obsequi
1441 1690 1570 1758 debere
1586 1701 1718 1757 certum
1733 1701 1800 1771 est,
1831 1688 1962 1757 dicenti
1980 1715 2018 1758 ac
2040 1715 2144 1759 man-

1159 1792 1275 1862 danti:
1306 1786 1378 1861 Ex
1399 1814 1475 1861 ana
1498 1787 1641 1859 civitate
1654 1784 1760 1885 pulsi
1773 1796 1803 1856 et
1819 1786 1934 1869 eiecti,
1960 1790 2088 1890 sugite
2105 1790 2145 1860 in

1160 1889 1293 1965 aliam.

1259 1993 1417 2079 Deinde,
1441 2018 1520 2063 cum
1534 1991 1704 2063 Caesarea
1714 1988 1880 2085 Maiestas
1894 1986 2001 2063 huius
2015 2018 2148 2081 causae,

1161 2122 1250 2191 quae
1273 2096 1415 2187 publica
1437 2110 1504 2180 est,
1531 2094 1768 2184 cogaritionem
1794 2092 1834 2161 in
1854 2117 1891 2165 se
1911 2097 2075 2187 recipiat,
2108 2123 2148 2167 ac

1160 2199 1346 2290 utriusque
1368 2198 1477 2287 partis
1497 2197 1684 2287 opiniones
1717 2208 1751 2263 et
1774 2198 1965 2267 sententias
1993 2200 2149 2269 clemen-

1163 2316 1216 2370 ter
1229 2299 1352 2368 audire
1368 2297 1470 2381 velit,
1503 2322 1612 2389 aeque
1628 2320 1700 2365 esse
1720 2296 1937 2384 iudicamus,
1969 2325 2035 2370 nos
2056 2298 2149 2372 lianc
2218 2388 2221 2393 Ι

1164 2403 1296 2471 illatam
1309 2398 1498 2483 iniuriam,
1524 2411 1669 2490 propter
1692 2399 1849 2489 nominis
1871 2402 1985 2469 divini
2001 2404 2151 2493 gloriam

1164 2503 1291 2572 merito
1305 2502 1390 2592 pati,
1415 2498 1673 2594 Caesareaeque
1687 2497 1883 2571 Maiestatis
1895 2504 2010 2573 edicto
2028 2530 2151 2598 parere

1164 2619 1269 2698 atque
1293 2604 1441 2695 obsequi
1464 2604 1602 2672 debere.
1653 2600 1979 2691 Quemadmodum,
2012 2609 2076 2701 qui
2093 2610 2152 2677 in·-

1165 2708 1255 2777 iuste
1281 2704 1320 2773 in
1352 2704 1495 2775 vincula
1529 2704 1778 2785 coniiceretur,
1821 2728 2017 2797 repugnare
2046 2724 2151 2805 atque

1165 2806 1343 2879 adversari
1359 2830 1433 2875 non
1449 2820 1574 2899 posset.

1266 2906 1449 2999 Intrepido
1472 2921 1590 2977 autem
1611 2908 1729 2978 animo
1753 2906 1935 2981 Celsitudo
1960 2910 2070 3003 ipsius
2094 2940 2153 2985 co·
2231 2949 2241 2971 ·

1165 3035 1242 3081 ram
1269 3006 1439 3080 Caesarea
1460 3007 1645 3080 Maiestate
1681 3021 1715 3077 et
1738 3010 1904 3081 omnibus
1927 3012 2069 3104 imperii
2094 3041 2153 3085 or-

1166 3111 1311 3180 dinibus
1326 3111 1546 3201 profiteatur,
1574 3124 1607 3180 et
1622 3124 1816 3197 recenseat,
1849 3138 1918 3207 qua
1932 3115 2088 3201 ratione,
2119 3131 2154 3187 et

1166 3238 1238 3307 quo
1264 3215 1372 3281 modo
1397 3213 1503 3303 plane
1533 3212 1764 3281 inenarrabili
1792 3228 1897 3307 atque
1929 3218 2079 3288 mirifico
2109 3220 2154 3289 ad

1165 3313 1321 3406 purioris
1335 3314 1517 3382 doctrinae
1533 3314 1772 3402 coguitionem
1790 3331 1822 3385 et
1841 3313 2075 3408 Evangelicae
2093 3346 2155 3388 ve-

1166 3415 1281 3485 ritatis
1311 3416 1488 3485 sincerum
1517 3414 1736 3499 intellectum
1765 3419 1920 3509 primum
1944 3423 2155 3510 pervenerit,

1166 3541 1231 3585 nec
1259 3516 1343 3585 ullis
1371 3516 1654 3586 adversariorum
1683 3518 1791 3587 minis
1816 3521 2053 3607 deterreatur,
2094 3537 2156 3596 aut

1166 3617 1357 3688 verborum
1378 3617 1591 3687 fulminibus
1613 3620 1657 3687 ab
1683 3642 1723 3687 ea
1743 3622 1959 3710 professione
1975 3646 2010 3691 se
2027 3626 2156 3695 abduci

1167 3733 1201 3789 et
1224 3718 1337 3789 averti
1356 3719 1528 3811 patiatur,
1571 3744 1637 3789 nec
1666 3721 1709 3789 de
1740 3722 1894 3793 discessu
1918 3725 2020 3814 prius
2044 3727 2155 3797 ullam

1166 3819 1415 3911 cogitationem
1441 3834 1503 3891 aut
1521 3820 1812 3891 deliberationem
1833 3824 2016 3917 suscipiat,
2049 3852 2157 3921 quam

1166 3920 1408 3993 Confessionis
1447 3934 1587 3991 nostrae
1638 3924 1779 3993 articuli
1829 3951 1948 3997 eoram
1990 3929 2158 4000 omnibus

1165 4020 1393 4113 Principibus
1437 4037 1541 4116 atque
1573 4024 1762 4095 ordinibus
1795 4026 1938 4120 imperii
1973 4030 2055 4101 lecti
2087 4031 2159 4104 sint

1167 4139 1273 4218 atque
1286 4124 1410 4196 auditi.

1174 4218 1177 4223 ’
1268 4220 1395 4294 Exitus
1411 4224 1529 4319 itaque
1544 4238 1776 4319 exspectetur,
1808 4242 1842 4298 et
1856 4226 1934 4301 Deo
1949 4233 2015 4305 soli
2032 4234 2157 4323 gloria,

1169 4324 1231 4420 qui
1263 4326 1369 4394 nobis
1384 4341 1434 4421 ¹et
1451 4328 1563 4401 ¹rebus
1587 4328 1718 4397 nostris
1738 4352 1915 4401 successus
1936 4334 2157 4407 felicissimos

1169 4428 1315 4497 daturirs
1330 4440 1398 4513 est,
1426 4428 1503 4519 ipso
1520 4429 1673 4499 dicente:
1707 4423 1788 4525 Qui
1801 4456 1857 4501 me
1873 4432 2060 4532 consessas
2067 4436 2158 4537 sns-

1171 4525 1219 4597 rit
1236 4551 1357 4599 coram
1375 4524 1529 4611 mando,
1562 4524 1755 4625 confitebor
1770 4540 1802 4601 et
1819 4530 1928 4603 illam
1945 4559 2066 4609 coram
2083 4564 2157 4637 pa·

1170 4636 1222 4699 tre
1236 4652 1313 4699 meo
1328 4626 1480 4705 coelesti.
1532 4628 1783 4727 Abnegantem
1798 4660 1854 4705 me
1869 4660 1990 4707 coram
2007 4634 2157 4721 mundo,

1170 4726 1363 4823 abnegabo
1388 4756 1509 4802 coram
1531 4740 1637 4831 patre
1661 4758 1749 4809 areo.
1815 4734 1863 4811 Et
1886 4737 2012 4809 Petrus
2039 4742 2158 4835 inquit

1173 4831 1204 4900 1.
1222 4856 1296 4921 cap·
1311 4834 1347 4907 d.
1381 4827 1521 4902 Parati
1536 4834 1619 4904 sites
1639 4859 1777 4932 semper
1795 4834 1851 4906 nd
1868 4836 2155 4935 respondendnm

1171 4930 1315 5002 cuilibet
1328 4933 1479 5029 petenti,
1507 4944 1545 5003 ut
1559 4934 1771 5034 loquamini
1785 4935 1826 5007 de
1843 4963 1902 5018 ea,
1927 4966 2019 5037 quise
2036 4942 2075 5012 in
2094 4970 2155 5014 eo-

1171 5031 1228 5103 bis
1246 5039 1307 5115 est,
1332 5058 1487 5129 specum
1499 5036 1780 5111 mansuetudine
1793 5049 1824 5108 et
1841 5040 2049 5126 reverentia,
2073 5070 2156 5116 cistr-

1169 5133 1360 5205 scientiam
1382 5130 1556 5211 habentes
1578 5137 1724 5215 bonam.
1780 5142 1992 5215 Consultum
2015 5173 2155 5242 quoque

1170 5236 1311 5308 videtur
1325 5252 1359 5308 et
1374 5232 1442 5308 hoc
1455 5242 1497 5309 ad
1515 5243 1646 5313 exitum
1661 5243 1844 5335 petitionis
1858 5248 2042 5339 subiungi,
2073 5248 2155 5321 Cel·
2245 5288 2249 5297 ·

1170 5339 1362 5410 citudinem
1380 5363 1499 5428 suam,
1529 5346 1703 5416 maiorum
1725 5370 1870 5421 suorum
1891 5353 2069 5445 exemplo,
2095 5357 2154 5425 ni-
