4522 5760
107 231 192 311 sar
617 304 620 309 ,
676 222 1114 305 nrrsrosaauu
1172 221 1282 301 aaa.
1319 212 1404 339 ur.
1457 224 1596 301 arao.
2063 230 2161 309 ‘aaa

79 478 87 491 ,,
110 408 202 477 dere
222 402 402 476 constitui.
452 398 587 471 Verum
612 399 651 469 id
673 394 843 470 hactenus
864 397 1008 481 distuli,
1039 378 1134 466 non'
1164 396 1253 566 {pris
1274 392 1434 566 εἰέῐιίᾗίί
1445 398 1693 567 ailnirnicorum.
1746 398 1817 470 Sed
1839 403 2049 471 commendo
2072 397 2158 475 haec

1200 521 1253 570 eo.
1338 520 1403 567 ene
1420 524 1443 566 v
1481 523 1510 571 e.

110 507 245 590 solum,
270 506 368 598 quod
384 503 577 594 impeditus
591 523 703 571 essem
718 500 799 569 aliis
814 496 1116 590 occupationibus,

112 610 203 694 sed,
235 631 282 676 ne
314 607 650 696 interpretarentur,
680 624 737 671 me
762 602 959 672 admodum
983 600 1116 683 dolere,

111 710 217 807 quod
239 719 473 781 commeatum
499 728 574 774 non
593 702 775 787 dederint,
798 726 888 773 neve
906 700 1115 792 impotentia

112 810 250 895 animi,
287 807 432 902 siquid
459 807 646 877 scriberem
673 805 817 888 durius,
857 804 976 895 potius
1007 826 1115 896 wem

112 912 282 987 consulto
303 934 360 979 me
383 907 513 978 dixisse
539 907 749 979 iudicarent.
799 904 942 999 Siquid
957 918 1043 987 erat.
1070 905 1114 973 de

113 1038 193 1108 quo
226 1034 365 1081 mecum
396 1009 694 1100 expostulandum
720 1008 913 1100 putabant,
952 1018 1116 1097 poterant

114 1115 199 1186 siue
215 1111 428 1183 contumelia
445 1126 480 1181 et
495 1111 649 1199 graviter
661 1108 794 1193 sacc're,
819 1132 915 1178 nunc
933 1108 1017 1177 istae
1033 1108 1116 1176 lite·

114 1240 181 1287 rae
194 1216 298 1308 plene
315 1208 471 1306 ὕβρεως,
491 1225 665 1304 quantum
683 1212 831 1281 deceant
845 1231 914 1294 eos,
934 1208 1002 1311 tibi
1019 1208 1115 1278 iudi-

116 1320 276 1389 candum
290 1314 467 1407 relinquo.
494 1311 596 1401 Quae
611 1337 686 1382 mea
699 1312 809 1382 fuerit
822 1312 1003 1397 sedulitas,
1023 1332 1115 1403 qua-

115 1419 168 1490 lis
184 1442 301 1513 opera,
324 1408 418 1483 nihil
432 1438 521 1507 opus
536 1426 588 1483 est
603 1436 889 1484 commemorare.
922 1408 1024 1482 Certe
1040 1434 1115 1479 non

119 1520 195 1591 alio
218 1531 421 1611 spectarunt
438 1540 514 1584 mea
532 1516 649 1585 studia
666 1514 803 1599 omnia,
837 1512 908 1583 nisi
923 1525 964 1585 ut
978 1537 1044 1605 pro
1059 1512 1116 1581 vi-

117 1623 184 1695 rili
198 1642 363 1692 ornarem
382 1613 570 1702 scholam,
600 1630 652 1701 et,
674 1631 847 1710 quantum
868 1638 1028 1707 possem,
1049 1638 1115 1705 pro

116 1746 199 1793 mea
216 1723 386 1794 tenuitate
402 1721 605 1815 prodessem
620 1715 809 1790 Ecclesiae.
832 1715 1006 1786 Fortassis
1020 1713 1118 1785 Deus

118 1824 235 1895 alium
250 1817 341 1891 mibi
357 1822 523 1890 nidulum
535 1820 645 1904 dabit,
671 1821 699 1889 si
716 1819 820 1888 istinc
838 1819 1003 1919 expellor.
1038 1814 1116 1906 Ego

120 1940 243 1995 tamen
277 1936 311 1993 et
342 1923 448 1991 fidem
483 1936 517 1991 et
546 1920 780 1991 reverentiam
805 1920 989 2012 praestabo
1015 1919 1118 1987 vobis

120 2040 342 2119 perpetuam.
393 2020 491 2092 Bene
506 2023 595 2095 vale.

868 2114 1069 2211 Philippus.

121 2436 192 2511 No.
211 2436 321 2511 tata.

128 2532 304 2565 Μ

912 2440 965 2520 (2.
981 2439 1105 2525 Septb.)

901 2533 1115 2571 Μ

446 2516 530 2669 Ge.
553 2579 799 2694 Spoletina.

194 2766 274 2835 tn.
287 2784 382 2838 apogr.
396 2732 497 2819 oria.
511 2760 545 2819 c.
558 2762 618 2817 ao.
644 2782 672 2837 p.
687 2764 753 2820 aas.
779 2782 823 2838 ep.
837 2764 882 2819 u.
902 2763 968 2820 atu
988 2764 1121 2837 aucupa

227 2856 244 2890 ι
257 2836 302 2892 Cl.
314 2832 486 2890 Gersdorfio.
542 2887 555 2903 ,
918 2846 922 2854 ’

305 3064 312 3073 ,
379 2985 590 3082 Georgio'
616 2966 884 3087 Spalatiao
922 3040 926 3051 ·

125 3105 176 3197 S·
202 3122 248 3198 l).
286 3123 437 3195 Gaudeo
454 3135 489 3191 te
503 3122 686 3213 complecti
702 3118 741 3192 T
739 3117 889 3192 huntam
906 3117 1122 3217 Nsclxmtmt.

127 3225 217 3298 Diu.
229 3227 325 3297 enim
344 3239 379 3295 et
393 3224 480 3293 novi
497 3237 531 3293 et
548 3224 664 3291 amavi
679 3218 862 3295 hominem
880 3238 1025 3318 propter
1039 3248 1123 3296 eru·

128 3328 305 3399 ditionem
336 3326 551 3415 singularem
581 3347 661 3393 cum
685 3348 821 3396 summa
843 3326 1015 3397 modestia
1034 3350 1122 3397 con-

129 3430 299 3501 iunctam.
351 3425 498 3500 Utinam
519 3420 607 3496 tales
632 3441 785 3516 pastores
800 3424 980 3498 Ecclesiae
994 3428 1039 3498 ad
1055 3450 1122 3521 po-

129 3532 324 3603 steritatem
356 3530 559 3621 relinquere
592 3529 778 3618 possimus.
839 3527 1125 3622 Complectamur

130 3632 242 3723 igitur
269 3633 358 3701 tales
379 3630 476 3699 viros
499 3629 600 3698 omni
622 3631 752 3704 studio.
804 3629 887 3701 Mea
910 3632 1024 3702 officia
1049 3654 1124 3700 non

129 3740 285 3807 deerunt
298 3722 477 3802 Thomna.
516 3729 589 3800 Ubi
605 3732 760 3820 primum
777 3733 844 3802 erit
858 3734 1006 3819 occasio,
1030 3735 1123 3802 dabo

129 3858 299 3929 operam,
322 3846 413 3903 utet
432 3832 707 3901 commodiorem
730 3834 973 3905 conditionem
985 3830 1126 3920 habeat,

130 3937 264 4028 etipse
284 3960 327 4003 eo
346 3935 395 4003 sit
414 3934 511 4016 loco,
536 3932 602 4001 ubi
623 3934 750 4005 melius
765 3936 893 4004 mereri
909 3939 952 4005 de
969 3933 1125 4007 Ecclesia

1903 564 2108 696 Philippus:
2148 680 2153 689 ,

1164 895 1232 971 Νο.
1251 893 1361 968 1324.

1170 991 1343 1021 Μ

1880 906 1959 986 (iere
1974 910 2033 971 hoo
2046 910 2156 995 temp.)

1911 1000 2124 1041 Μ

1487 1046 1645 1135 Christ.
1672 1036 1838 1135 Beiero.
1947 1096 1951 1109 ·

1233 1223 1257 1293 1·
1274 1221 1312 1275 Ex
1325 1238 1421 1293 apogr.
1436 1220 1464 1277 in
1478 1222 1542 1278 cod.
1557 1220 1657 1276 Wolf.
1671 1221 1767 1279 Hemb.
1786 1223 1889 1293 (Olsh.)

1165 1349 1446 1430 Christiano
1476 1348 1889 1531 Bii⁶ff⁰n⁶dl⁰⁷i⁰
1913 1358 2035 1436 Duces
2061 1346 2157 1440 Sar·

1619 1508 1639 1530 A
1660 1471 1721 1537 ert.

1166 1552 1208 1645 S.
1229 1574 1275 1648 D.
1323 1575 1512 1668 Magnifice
1545 1576 1702 1650 Domine
1734 1578 1970 1673 Cancellarie,
2005 1590 2050 1658 de
2084 1588 2157 1661 lilio

1167 1678 1281 1769 placet
1300 1674 1392 1749 mihi
1415 1680 1625 1768 consilium,
1650 1696 1689 1752 ut
1710 1684 1878 1755 doceatur
1893 1713 1913 1760 a
1929 1687 1983 1762 Μ.
1999 1685 2158 1758 Ambro-

1162 1778 1245 1866 sio,
1270 1794 1306 1851 et
1321 1803 1421 1871 agam
1436 1778 1517 1851 crim
1532 1806 1592 1869 eo,
1614 1798 1655 1855 ut
1668 1784 1706 1857 id
1721 1783 1826 1855 saciat
1841 1785 2060 1861 Ambrosius
2073 1790 2157 1863 dili-¹

1168 1896 1290 1972 genter
1313 1895 1349 1952 et
1369 1882 1533 1958 fideliter.
1585 1884 1680 1955 Puer
1704 1886 1744 1955 in
1765 1887 1852 1958 meis
1874 1892 2022 1963 aedibus
2043 1893 2158 1978 coibat,

1169 1997 1204 2053 et
1225 2007 1382 2054 mensam
1398 1984 1585 2055 nobiscum
1600 2012 1825 2058 communem
1840 1984 1965 2079 habet,
1989 1988 2057 2065 hoc
2072 1994 2159 2065 faci-

1169 2084 1240 2156 lius
1268 2098 1393 2177 potero
1425 2087 1540 2158 studia
1570 2088 1648 2158 eius
1678 2089 1863 2181 inspicere.
1918 2092 2159 2189 Dysenteriae,

1170 2187 1238 2257 etsi
1261 2209 1335 2256 non
1358 2200 1411 2257 est
1431 2188 1504 2258 una
1530 2212 1653 2281 causa,
1686 2203 1805 2261 tamen
1828 2194 2016 2292 pleraeque
2038 2198 2083 2267 ab
2102 2192 2159 2269 his

1150 2287 1261 2371 ,male
1278 2289 1401 2363 ‚coctis
1429 2303 1465 2358 et
1483 2292 1616 2381 asperis
1639 2290 1732 2361 vinis
1758 2292 1937 2373 oriuntur.
1993 2294 2047 2369 Ac
2069 2295 2159 2377 mihi

1170 2414 1312 2485 quoque
1333 2387 1403 2459 iam
1428 2391 1565 2484 aliquot
1579 2394 1654 2462 dies
1671 2408 1800 2469 metuo.
1852 2397 1923 2473 Sed
1939 2400 2160 2490 diligentiam

1170 2504 1205 2561 et
1231 2491 1432 2563 cautionem
1451 2486 1641 2565 adhibebo.
1690 2491 1745 2565 De
1767 2521 1847 2568 meo
1872 2502 1997 2572 itinere
2017 2499 2159 2573 Gallico

1171 2591 1370 2683 intelligitis
1389 2594 1510 2663 omnia
1530 2620 1573 2666 ex
1591 2595 1747 2667 Domino
1763 2593 1939 2675 Sebaldo.
1991 2600 2161 2696 Princeps

1171 2719 1249 2867 nolq
1268 2695 1347 2766 vult
1366 2689 1457 2765 mihi
1476 2710 1681 2789 potestatem
1703 2701 1857 2774 abeundi
1879 2706 2003 2777 facere.
2063 2702 2160 2777 Bene

1172 2821 1215 2868 va
1251 2809 1296 2866 te.

1916 2899 2114 2999 Philippus.

1172 3196 1240 3268 No.
1258 3197 1367 3271 1325.

1178 3293 1351 3324 m

1946 3214 2160 3351 Q

1583 3350 1754 3439 Eidem.

1241 3526 1265 3599 †
1283 3526 1321 3581 Ex
1335 3529 1490 3601 apographo
1504 3529 1533 3585 in
1547 3532 1611 3596 cod.
1623 3530 1723 3589 Wott.
1736 3532 1887 3609 liunberg.
1906 3534 2013 3606 (Oleli.)

1174 3677 1460 3761 Christiano
1482 3686 1637 3776 Beier,
1665 3681 1913 3864 gpncellnrio
1943 3694 2066 3767 Ducis
2093 3696 2167 3768 Sa·

1559 3818 1649 3870 xon.
1723 3807 1784 3872 ert.

1175 3904 1218 3994 S.
1245 3918 1291 3999 D.
1351 3923 1540 4016 Magnifice
1572 3926 1726 3999 Domine
1758 3928 1988 4006 Cancellarie.
2049 3884 2168 4033 Hodie

131 4036 276 4133 poterit,
327 4031 495 4118 Interim,
519 4033 549 4102 ei
570 4034 747 4105 mediocre
772 4038 986 4127 stipendium
1012 4038 1127 4129 impe.
1177 4025 1301 4119 scripsi
1324 4025 1437 4097 filium
1458 4029 1596 4099 duabus
1613 4032 1777 4133 noctibus
1792 4058 1867 4104 non
1883 4036 1967 4107 satis
1984 4036 2169 4111 commode

131 4153 230 4211 trare
251 4136 401 4229 poterit,
432 4156 556 4205 censeo
572 4128 868 4229 Neoburgensem
885 4138 1127 4209 conditionem
1179 4126 1406 4215 dormivisse;
1432 4130 1493 4198 ⁸0d
1506 4143 1663 4223 P⁰⁸t⁰³³
1686 4135 1837 4225 prandio
1858 4136 1948 4207 iussi
1970 4162 2051 4209 eum
2069 4140 2170 4233 quie·
2252 4162 2258 4171 “

132 4237 375 4331 accipiendam
402 4261 486 4308 esse,
538 4233 593 4305 De
607 4231 728 4307 Aureo
743 4240 862 4311 neseio
879 4241 964 4332 quit]
979 4265 1128 4333 respon.
1180 4251 1295 4317 scere,
1310 4242 1344 4299 et
1355 4230 1526 4302 dormivit
1542 4232 1632 4303 bene
1645 4230 1752 4305 horas
1768 4238 1906 4330 aliquot
1923 4254 1957 4311 et
1969 4255 2063 4311 recte
2079 4240 2171 4314 valet

87 4388 92 4396 .
135 4344 259 4421 deam,
286 4351 321 4408 et
344 4340 486 4407 miseret
508 4360 565 4405 me
585 4333 763 4424 hominis,
791 4356 822 4409 et
840 4341 939 4411 vides
955 4345 1051 4436 quod
1068 4365 1129 4412 su.
1179 4327 1247 4400 Det
1258 4330 1442 4401 beneficio.
1494 4329 1548 4403 Ac
1565 4357 1665 4425 spero
1684 4332 1777 4407 nihil
1793 4340 2035 4431 essepericuli.
2086 4340 2169 4413 Mea

134 4441 247 4537 perbe
262 4452 368 4535 petat.
417 4436 580 4510 Postulat
600 4439 696 4509 enim
713 4440 931 4515 luculentam
952 4444 1129 4513 conditio-
1181 4431 1213 4501 ei
1230 4432 1347 4527 offitia¹
1368 4456 1442 4501 11011
1465 4435 1625 4509 deerunt·
1676 4436 1813 4507 'l'amen
1829 4441 1988 4535 fortassis
2002 4442 2172 4537 exspatia-

135 4566 234 4619 mem,
291 4540 432 4611 Vellem
456 4555 576 4611 temen
598 4564 682 4611 eum
704 4530 893 4618 set-vetum,
949 4542 1130 4624 Credein
1180 4532 1231 4605 tio
1249 4530 1283 4603 ei
1297 4534 1489 4624 prodesset.
1519 4534 1616 4608 Haec
1630 4536 1716 4607 duxi
1732 4540 1833 4610 vobis
1847 4541 2075 4633 significanda
2090 4556 2173 4630 ess'e,

135 4642 283 4717 Lusatia
305 4657 367 4713 aut
386 4643 516 4739 vicinis
534 4642 608 4737 illis
622 4643 709 4713 locis
724 4666 827 4737 posse
841 4645 873 4713 ci
888 4646 1129 4716 conditionem
1181 4647 1221 4705 ut
1237 4634 1357 4705 minus
1375 4639 1494 4707 essetis
1507 4638 1662 4710 solliciti.
1710 4638 1808 4711 Bene
1824 4645 1947 4718 valete.

136 4744 308 4818 inveniri.
357 4740 460 4813 Bene
473 4742 560 4816 nale.
578 4740 596 4813 .-'
609 4738 780 4837 Princeps
795 4742 1058 4823 lllustriseimus
1073 4771 1132 4816 re-
1922 4740 2019 4817 Phili
2022 4748 2124 4841 ppus.

135 4848 233 4919 tinet
254 4868 331 4929 me,
366 4844 558 4937 quominus
578 4846 618 4915 in
642 4843 798 4917 Galliam
821 4848 1032 4942 proficiscar.
1084 4844 1132 4918 Et

138 4946 286 5043 quidem
303 4942 490 5017 durissime
502 4930 598 5016 mihi
611 4949 806 5039 respoudit,
830 4950 896 5021 etsi
909 4974 973 5040 ego
987 4950 1131 5045 quidem

139 5049 298 5122 libenter
310 5072 447 5132 maneo,
464 5070 533 5116 nec
547 5048 701 5120 delector
715 5047 864 5121 Gallicis
878 5046 1133 5141 congressibus.
1184 5046 1252 5122 No.
1273 5046 1383 5119 1326.

139 5148 357 5223 laceramur
373 5144 593 5221 horribiliter
608 5145 866 5225 sSadoletoet
878 5148 1023 5238 Badeo,
1042 5178 1135 5251 quo-

140 5254 224 5323 rum
253 5265 403 5343 uterque
433 5252 476 5323 ad
500 5248 635 5339 Regem
663 5250 863 5331 Galliarum
891 5249 1068 5325 hostiliter
1091 5259 1134 5326 de

1972 5072 2032 5143 ts.
2046 5060 2151 5145 Septb.

1959 5153 2171 5192 Μ

1299 5217 1719 5309 Ionnn.Frr'dericus
1735 5220 1799 5303 od
1811 5220 2070 5325 Portunum.

143 5353 276 5425 nostris
297 5352 454 5444 scripsits
484 5376 582 5425 nunc
603 5354 653 5423 ita
674 5355 770 5425 domi
793 5369 1002 5443 tractamur,
1034 5359 1136 5451 quasi
1257 5376 1336 5453 tr.
1350 5376 1574 5435 autmarus.
1588 5360 1682 5436 vanae.
1696 5376 1763 5453 nee.
1778 5378 1938 5437 nator.
1951 5399 1999 5435 a..
2013 5380 2057 5435 sc
2174 5332 2178 5343 ⁸

197 5458 380 5524 Mensura.
406 5458 510 5524 Orrn.
553 5456 705 5525 Von.·ll.
1351 5452 1402 5525 60
