4522 5760
195 192 273 267 887
767 182 1209 263 ttetsrotltttttt
1246 184 1358 283 ΜΒ.
1392 185 1477 263 Vll.
1523 185 1673 285 Mb
2160 198 2225 277 888

198 380 280 457 ante
296 386 354 435 eas
369 386 389 432 a
403 354 588 457 Laugasa
603 375 638 431 et
651 358 956 431 Cardinalifratre
979 358 1088 429 lectas
1104 378 1190 443 esse,
1241 380 1337 429 nune
1357 359 1397 429 in
1419 361 1608 433 consilium
1627 356 1720 433 mibi
1743 358 1911 453 adhibui,
1945 366 2013 461 qui
2034 388 2113 439 non
2132 370 2225 445 multi

200 469 355 563 quitum
374 488 454 533 cum
470 488 549 553 rege
572 456 683 533 erant.
733 460 854 551 Quare
876 486 942 531 nec
961 458 1081 529 omnio
1100 459 1190 529 scri-
1239 473 1334 541 eunt,
1360 486 1514 553 quorum
1529 464 1615 533 fides
1628 464 1881 557 sitexplorata,
1900 462 2223 543 biomuesmsrnn

198 546 282 641 bere
298 588 452 659 possum,
472 588 562 659 quae
576 588 640 634 vos
654 563 845 659 requiritis,
864 574 1014 632 nectam
1029 562 1188 651 pruden—
1239 559 1414 648 sentiunt,
1437 576 1480 635 ut
1492 564 1630 655 verrius,¹
1643 564 1754 659 'itque
1766 569 2006 653 necessarium
2024 592 2103 643 esec
2117 572 2156 645 in
2167 568 2223 645 boe

198 687 253 742 ter
265 668 481 751 deliberare,
506 690 612 759 quarn
626 688 682 735 res
695 666 770 755 ipsa
787 664 974 736 desiderat.
1023 658 1188 731 Difficilis
1238 684 1358 733 rerum
1378 677 1482 735 statu.
1527 662 1619 736 Nam
1637 670 1731 759 quod
1754 667 1945 753 dubitatis,
1971 696 2080 765 posse
2100 668 2225 761 baere-

197 772 340 866 quidem
356 767 561 837 deliberatio
578 780 651 850 est,
674 767 736 835 sed
759 778 878 837 tamen
891 762 1086 835 necessaria
1100 760 1186 832 reli·
1239 764 1335 833 tione
1349 764 1546 836 adiumenti
1565 766 1701 863 aliquid
1716 769 1867 857 adferri,
1893 772 2016 843 facitis
2030 774 2073 845 id
2090 776 2225 869 quidm

197 873 296 967 gioni
319 885 353 941 et
374 866 562 957 Evangelii
591 867 823 943 incremento.
885 864 1008 959 ltaque
1030 864 1187 935 breviter
1237 867 1431 959 prudenter
1452 868 1500 937 ob
1516 868 1655 939 diversa
1677 863 1865 941 hominum
1884 866 2026 966 studia,
2057 878 2224 973 multipli-

196 989 277 1047 tuae
291 970 459 1065 epistolae
478 970 686 1060 respondeo.
1237 990 1313 1035 cem
1330 966 1565 1055 voluntatem,
1592 983 1628 1039 et
1641 971 1923 1044 adversariorum
1937 978 2155 1067 potentiam,
2171 984 2222 1053 red

296 1070 413 1165 Caput
431 1084 573 1140 tuarum
589 1092 753 1139 curarum
769 1067 806 1136 id
828 1079 898 1147 est,
924 1066 1021 1161 quod
1043 1063 1184 1151 metuis,
1235 1080 1277 1137 ut
1299 1069 1543 1155 concederem,
1574 1064 1669 1141 nibil
1690 1074 1833 1165 profici,
1863 1078 1963 1168 quod
1986 1102 2068 1149 non
2084 1082 2223 1169 confido,

195 1192 239 1249 ut
258 1172 342 1246 huic
367 1173 463 1263 genti
487 1186 522 1243 et
540 1170 704 1239 ecclesiae
727 1169 892 1261 prodesse
913 1166 1042 1259 possis,
1078 1167 1184 1237 rebus
1234 1165 1312 1240 Rex
1327 1184 1446 1240 tamen
1462 1171 1535 1262 ipse
1551 1194 1626 1240 non
1642 1187 1692 1243 est
1707 1174 1982 1261 exacerbandus,
2005 1182 2114 1253 cuius
2124 1182 2222 1265 saror,

195 1295 268 1351 tam
285 1273 479 1369 periculose
492 1270 686 1343 concitatis.
730 1267 892 1340 Primum
909 1268 1004 1338 enim
1021 1262 1184 1345 homines
1234 1282 1275 1340 ut
1294 1271 1432 1357 fateris,
1456 1272 1673 1365 necessarius
1693 1288 1757 1349 est.
1807 1274 1898 1349 Nam
1919 1282 2021 1373 qnod
2047 1278 2220 1379 hucusque

194 1378 387 1473 permultos
410 1399 482 1443 esse
504 1374 677 1465 proiectae
698 1370 925 1456 temeritatis,
957 1364 1020 1463 qui
1042 1382 1105 1439 aut
1124 1392 1184 1439 re-
1233 1366 1326 1443 hanc
1340 1395 1481 1443 causam
1498 1374 1596 1445 soliti
1617 1388 1702 1447 sunt
1723 1387 1804 1447 aute
1819 1381 2068 1469 cognitionem
2084 1390 2223 1476 praeda-

193 1479 350 1574 pentinis
364 1490 425 1547 aut
437 1474 643 1566 periculosis
656 1472 812 1544 consiliis
823 1485 986 1556 utuntur,
1009 1483 1069 1540 aut
1083 1471 1183 1539 sana·
1231 1496 1366 1559 muare,
1388 1498 1430 1544 eo
1444 1475 1553 1561 venit,
1575 1478 1674 1569 quod
1689 1478 1792 1568 pauci
1805 1504 1903 1570 reges
1918 1498 2017 1569 sunt,
2044 1488 2111 1579 qui
2129 1488 2222 1561 adiu.

192 1584 265 1655 tico
278 1578 404 1673 spiritu
416 1577 608 1665 agitantur3
635 1573 672 1644 id
690 1598 754 1645 vos
773 1598 811 1643 re
835 1573 910 1664 ipsa
926 1594 1040 1663 nuper
1054 1570 1093 1639 in
1108 1594 1181 1641 uno
1232 1589 1327 1647 tores
1340 1574 1543 1648 extiterunt.
1593 1574 1712 1665 Quam
1729 1579 1859 1651 obrem
1872 1598 1968 1654 reete
1983 1585 2095 1659 illum
2109 1591 2151 1660 ad
2167 1614 2220 1661 er-

194 1684 302 1754 Galle
321 1679 549 1771 comperisse;
581 1675 731 1761 deinde,
761 1676 858 1761 fore,
889 1688 931 1744 ut
947 1671 1085 1742 minora
1100 1671 1182 1765 qui-
1232 1690 1384 1747 tremum
1398 1676 1567 1760 adiecisti,
1587 1680 1686 1749 unde
1701 1680 1887 1751 coniiciam
1901 1688 2220 1775 praemuniendum

194 1782 385 1857 demvobis
399 1781 656 1863 condonentur,
668 1776 829 1867 graviora
837 1787 955 1846 autern
963 1772 1021 1844 vel
1029 1772 1181 1865 prornis-
1232 1799 1304 1847 esse
1325 1775 1416 1865 regis
1437 1778 1614 1865 animum,
1646 1778 1746 1849 cuius
1767 1780 2012 1857 benivolentia
2032 1788 2221 1879 plurimum

193 1888 241 1959 sis
255 1884 440 1955 meliorum
455 1904 574 1951 rerum
582 1878 640 1947 vel
652 1876 918 1971 importunitate
930 1874 1050 1968 aliqua
1058 1872 1181 1967 oppri-
1229 1876 1464 1949 sitadiutura.
1508 1876 1641 1948 Verum
1656 1880 1687 1949 si
1701 1904 1797 1973 nunc
1810 1906 1885 1971 nen
1901 1888 2028 1959 venias
2041 1904 2217 1985 postquam

192 1999 354 2069 mantur3
391 1995 428 2052 et
448 2002 651 2075 quanquam
676 1978 902 2049 istasumuta
935 1976 1027 2061 sint,
1062 1988 1179 2047 tamen
1230 1978 1351 2071 aliquo
1368 1980 1476 2049 modo
1491 1980 1721 2065 consensisti,
1745 1998 1932 2079 postquam
1945 1988 2011 2059 ille
2027 1990 2216 2079 flecma„

191 2112 267 2158 esse
279 2083 305 2179 ¹)
321 2087 480 2156 lubitum
495 2096 546 2166 te,
570 2081 601 2151 si
617 2100 695 2173 spes
711 2093 811 2163 esset,
833 2100 936 2171 posse
947 2099 1065 2167 regern
1079 2098 1180 2170 prae-
1230 2104 1340 2149 manu
1352 2079 1588 2171 consignavit,
1620 2084 1666 2151 ad
1684 2095 1718 2153 te
1733 2085 1847 2173 misit,
1871 2102 1908 2159 et
1921 2090 2065 2179 legatos
2079 2094 2217 2179 addidit,

193 2187 326 2259 molliri
348 2181 415 2255 hac
435 2182 698 2273 congressione,
722 2195 762 2251 ut
782 2179 929 2272 aequior
945 2192 1033 2247 esset
1049 2176 1087 2245 in
1102 2200 1181 2245 ma-
1230 2206 1310 2251 eum
1325 2181 1456 2273 quibus
1470 2195 1547 2251 tuto
1560 2182 1681 2252 venire
1694 2183 1818 2272 liceat,
1842 2184 2082 2265 vehementer
2095 2210 2214 2277 metere,

192 2290 342 2372 tutanda
360 2302 395 2357 et
413 2284 655 2356 confirmanda
671 2283 813 2373 publica
829 2280 989 2374 Synodo.
1019 2274 1180 2371 Exposui
1229 2283 1260 2351 si
1271 2272 1436 2373 negares,
1461 2295 1501 2365 ut
1516 2282 1554 2352 id
1569 2306 1681 2378 aequo
1695 2284 1814 2357 anieno
1829 2288 1930 2363 serat.
1981 2288 2067 2383 Ego
2087 2294 2136 2367 in
2151 2298 2214 2369 αἱ.

190 2389 278 2463 haee
294 2388 417 2460 amicis
433 2388 531 2471 meis,
556 2408 709 2479 quorum
723 2382 920 2454 communis
929 2404 1032 2453 causa
1047 2379 1179 2469 agitur;
1229 2382 1349 2454 stimo:
1372 2382 1401 2451 si
1416 2376 1502 2452 haec
1517 2384 1652 2455 occasio
1671 2399 1752 2457 ante
1766 2412 1879 2459 annos
1893 2392 2026 2465 decern.
2036 2396 2154 2469 oblata
2167 2420 2213 2469 es-

191 2495 312 2565 literas
324 2491 431 2561 etiam
451 2502 530 2559 tuas
552 2502 657 2577 atque
672 2477 810 2555 Bucerr'
827 2482 931 2568 dedi,
955 2496 995 2553 ut
1011 2482 1179 2571 legerent.
1229 2498 1299 2569 set,
1322 2483 1476 2554 libenter
1489 2485 1708 2581 arripuisses.
1758 2486 1916 2561 Multum
1940 2506 1993 2565 est
2014 2497 2211 2569 enimultra

191 2594 307 2662 Video
320 2592 439 2674 enim,
462 2586 531 2658 hoc
545 2586 742 2677 periculum
758 2585 864 2655 etiarn
881 2586 925 2653 ad
940 2608 996 2652 me
1010 2592 1178 2673 spectare,
1228 2583 1367 2671 vocari,
1396 2585 1534 2671 favere,
1565 2588 1735 2659 adiuvare
1756 2606 1930 2684 quantum
1950 2590 2040 2667 lieet
2062 2600 2209 2671 mnam

189 2719 256 2764 nec
270 2694 465 2787 quidquam
477 2688 585 2757 velim
609 2686 786 2771 accidere,
818 2684 914 2778 quod
940 2697 973 2752 te
988 2682 1177 2771 indignum
1227 2686 1366 2775 cognita
1390 2710 1505 2785 causa.
1554 2682 1647 2756 Nam
1669 2688 1701 2759 si
1723 2693 1888 2783 cognovit
1909 2694 2039 2769 minus
2061 2700 2209 2795 estpeu'·

190 2808 296 2879 esset,
320 2806 354 2862 et
370 2793 463 2884 quod
481 2787 667 2878 Evangelii
682 2810 820 2856 causam
835 2800 869 2855 et
882 2779 1016 2855 Christi
1028 2784 1177 2873 gloriam
1228 2788 1310 2861 culi.
1352 2784 1473 2874 Quare
1491 2786 1698 2858 obfuturum
1715 2806 1767 2863 est
1778 2793 1997 2883 plurimum,
2025 2798 2058 2867 si
2071 2825 2132 2873 m
2145 2826 2208 2873 aa.

189 2895 423 2990 perturbaret.
489 2888 613 2983 ltaque
646 2888 781 2980 priores
804 2886 910 2956 etiam
937 2886 1017 2954 illas
1045 2883 1175 2965 literas,
1226 2888 1305 2975 dat,
1333 2900 1395 2957 aut
1419 2887 1488 2957 sibi
1511 2886 1616 2957 fidem
1638 2914 1711 2962 non
1735 2887 1877 2979 haberi,
1909 2912 1974 2970 aut
1998 2924 2068 2969 vos
2089 2917 2205 2975 vestrae

188 3019 277 3093 quas
294 2993 475 3085 accepisti,
500 2984 703 3083 Languens
719 2989 829 3073 vidit,
853 3001 1041 3081 autequam
1057 2986 1175 3057 mitte-
1225 2988 1407 3059 doctrinae
1429 3004 1555 3082 parum
1578 2990 1696 3065 ludere.
1747 2991 1838 3065 Nam
1858 2996 1899 3065 in
1914 3021 1995 3069 earn
2012 3004 2205 3093 partemin-

187 3112 329 3182 reotur,
347 3109 394 3165 ut
408 3118 453 3164 ne
470 3093 556 3188 quid
570 3092 781 3174 scriberem,
803 3091 899 3182 quod
915 3112 989 3157 non
1006 3088 1175 3178 probare·
1223 3090 1448 3183 terpretaturi
1469 3103 1554 3161 sunt
1573 3093 1782 3181 adversarii,
1804 3120 2017 3195 quanquam
2036 3102 2129 3193 inea
2140 3128 2204 3191 sun

187 3215 247 3271 tur
259 3212 296 3269 et
308 3198 464 3269 alienum
478 3206 601 3264 esseta
617 3193 707 3282 regis
724 3192 916 3261 voluntate.
966 3189 1076 3280 Quod
1088 3212 1172 3257 vero
1223 3190 1409 3275 sententia,
1431 3204 1472 3261 ut
1486 3190 1694 3280 existimem,
1719 3208 1752 3265 et
1766 3222 1876 3291 prope
1889 3204 2132 3291 necessarium
2146 3228 2204 3277 esse

185 3298 235 3373 τὰ
250 3294 392 3372 ἐκείνου
413 3293 458 3367 οὗ
473 3288 573 3366 πάνυ
589 3295 666 3373 τοῖς
681 3293 772 3385 ἐμοῦ
791 3291 985 3385 συμφωνεῖ
999 3284 1048 3382 ²),
1073 3302 1113 3359 tu
1127 3312 1172 3357 ne
1223 3292 1387 3383 religioni
1405 3305 1440 3361 et
1453 3289 1610 3377 Galliae,
1634 3307 1676 3365 ut
1690 3297 1812 3399 regiaq
1827 3304 2071 3393 expectationi
2083 3306 2203 3379 „rieta-

185 3425 284 3472 secus
299 3398 475 3487 intelligas
488 3410 592 3487 atque
606 3394 667 3463 ille
683 3392 871 3483 scripserit.
908 3390 1040 3481 Scripsi
1055 3404 1173 3460 tamen
1223 3394 1304 3467 cias.
1354 3388 1436 3463 Non
1457 3392 1552 3495 enirn
1567 3406 1634 3479 est,
1658 3400 1755 3495 quod
1773 3412 1911 3495 metuas
1924 3402 2136 3499 iniquorum
2149 3402 2203 3479 bu.

186 3526 249 3593 ego
263 3515 339 3571 tum
356 3523 397 3567 ex
412 3499 488 3567 eius
501 3496 684 3565 voluntate
698 3507 733 3563 et
747 3514 937 3573 consensu,
962 3491 1085 3561 sedita
1100 3515 1173 3559 esse
1223 3494 1361 3564 minum
1377 3494 1581 3584 potentiam,
1597 3496 1659 3587 qui
1674 3490 1741 3588 pro
1750 3494 1886 3573 Christi
1893 3502 2013 3595 gloria
2029 3508 2202 3603 quicquam

122 3670 127 3679 ,
186 3604 417 3692 interpretor,
441 3590 664 3687 langueam
679 3582 816 3663 deloco
830 3591 967 3685 Synodi
983 3592 1173 3683 scripsisse,
1222 3594 1291 3665 sibi
1305 3588 1444 3665 detrahi
1466 3594 1570 3665 inviti
1588 3598 1777 3695 patientur.
1824 3598 1903 3675 Rex
1925 3604 2075 3695 ingenio
2089 3624 2203 3703 estper

184 3718 226 3776 ut
242 3702 454 3781 ostenderet,
469 3720 585 3787 regem
599 3696 644 3764 ad
659 3708 792 3763 caetera
810 3716 918 3785 prope
934 3693 1052 3761 omnia
1073 3693 1173 3762 facile
1222 3696 1259 3765 'se
1271 3707 1373 3766 acuto
1392 3708 1428 3764 et
1443 3695 1629 3787 pnrdenti,
1654 3712 1690 3769 et
1711 3692 1836 3772 natura
1851 3704 1986 3789 facilis,
2012 3722 2047 3777 et
2066 3710 2202 3783 libenter

185 3824 450 3880 consensurum,
476 3821 565 3892 quae
579 3821 599 3867 a
612 3794 985 3885 vobisproponuntur.
1024 3790 1079 3865 De
1095 3795 1172 3864 loeo
1221 3795 1377 3867 admittit
1397 3795 1570 3883 rationes,
1604 3792 1692 3870 ethi
1709 3800 1800 3895 ipsi,
1833 3816 1874 3873 ut
1887 3798 2135 3903 exLangaeo
2151 3838 2202 3884 ao.

184 3920 302 3976 autem
325 3900 467 3973 concilii
492 3921 593 3989 posse
616 3895 704 3964 oriri
732 3894 1005 3963 controversiam
1029 3909 1173 3986 propter
1220 3896 1315 3983 divi,
1340 3910 1420 3967 tuos
1440 3890 1646 3997 articulos,
1669 3900 1759 3995 qno's
1779 3904 1927 3991 misisti,
1951 3932 2071 4005 prope
2088 3936 2201 4005 mgna

183 4007 390 4077 varietatem
405 4015 440 4071 et
457 3995 753 4091 longinquitatem
773 3996 978 4085 regionum,
1008 4009 1051 4065 ut
1066 3995 1172 4065 intel·
1219 4020 1391 4069 consensu
1400 4000 1687 4089 comprobarunt,
1701 4016 1738 4072 et
1744 4028 1855 4095 pauca
1867 4010 2048 4101 quaedam
2059 4026 2201 4085 aeterua.

184 4107 328 4196 ligares,
352 4126 469 4191 regem
488 4122 604 4192 neque
624 4120 645 4165 a
667 4110 703 4167 te
724 4120 839 4189 neque
853 4095 1009 4165 avestris
1024 4098 1170 4186 dogma-
1217 4114 1315 4172 runt.
1365 4096 1481 4171 Credo
1495 4100 1524 4167 si
1537 4101 1684 4187 adesses,
1707 4105 1739 4174 si
1752 4128 1917 4197 praesens
1930 4112 2017 4203 regi,
2026 4138 2094 4207 per
2105 4114 2199 4187 inter-

183 4209 230 4279 tis
253 4226 464 4295 magnopere
485 4223 559 4271 esse
589 4198 756 4269 alienum.
820 4194 912 4267 Nam
936 4200 1057 4266 eadem
1078 4192 1169 4267 mihi
1217 4213 1351 4293 pretem
1371 4200 1585 4293 loquereris,
1618 4216 1654 4273 et
1673 4200 1989 4282 rationes'vestras
2011 4238 2200 4307 exponeres,

183 4300 473 4398 tumLaagoeus
488 4312 689 4390 constanter
705 4298 909 4383 aflinnabat,
925 4299 984 4367 sed
999 4297 1069 4367 ianr
1087 4323 1167 4367 curn
1216 4300 1427 4371 mirabiliter
1443 4325 1523 4370 eum
1538 4299 1786 4380 inflammares.
1824 4300 1987 4382 Multum
2004 4302 2104 4391 valet
2121 4319 2201 4389 bona

182 4432 263 4497 rege
280 4420 343 4479 est.
395 4404 515 4492 Quare
532 4402 576 4471 ad
590 4413 803 4491 postremam
817 4399 915 4469 illam
937 4412 1070 4489 partem
1085 4423 1168 4490 pro-
1216 4403 1387 4496 dealiquo
1396 4400 1812 4501 existimatiqantequam
1820 4434 1923 4480 causa
1931 4414 2076 4505 optima
2084 4442 2200 4509 cogno·

182 4523 261 4605 pter
274 4502 359 4577 baec
376 4502 470 4587 nihil
490 4499 603 4573 habeo
620 4500 717 4593 quod
737 4500 986 4588 respondeam,
1018 4513 1053 4569 et
1075 4522 1168 4568 sem-
1216 4518 1349 4586 scatur,
1375 4516 1410 4571 et
1424 4502 1532 4592 magis
1548 4504 1591 4574 ad
1610 4498 1793 4577 Christum
1815 4508 2045 4603 intelligatur
2057 4522 2200 4613 pertine-

35 4612 76 4649 .·
181 4635 245 4704 per
268 4607 422 4690 cred-idi,
463 4615 630 4673 secretam
649 4601 726 4670 fore
748 4593 840 4667 banc
862 4598 1167 4685 consultationem,
1215 4629 1264 4675 re.
1317 4600 1441 4697 Neque
1454 4604 1549 4671 enim
1565 4606 1613 4675 sic
1628 4606 1736 4679 debes
1751 4608 1924 4701 cogitare,
1943 4616 2198 4711 dissimulant,

179 4724 221 4783 ut
233 4733 366 4781 rexsuo
381 4729 489 4794 reguo
505 4702 703 4774 consuleret
716 4713 749 4769 et
759 4698 899 4767 uunore
914 4722 994 4768 cum
1008 4699 1166 4790 periculo
1214 4727 1288 4772 esse
1303 4704 1476 4799 quaedam
1492 4704 1529 4773 io
1545 4700 1615 4807 hoc,
1626 4707 1817 4801 principio,
1841 4718 2072 4809 etquaedm
2088 4744 2198 4795 mm.

180 4826 310 4883 statum
333 4804 602 4879 ecclesiasticum
622 4801 827 4888 corrigeret,
857 4810 892 4867 et
911 4798 972 4866 illa
991 4799 1166 4889 supplicia
1214 4806 1340 4876 denda.
1392 4802 1467 4875 lmo
1494 4829 1555 4875 rer
1570 4808 1666 4878 tu'aur
1686 4808 1935 4883 fortitudinem
1950 4815 1996 4887 in
2011 4808 2196 4915 rebrrsgn-

180 4912 371 4983 constituta
394 4908 501 4977 sitisse
526 4926 600 4972 non
623 4902 661 4969 in
682 4900 777 4991 pios,
809 4900 868 4965 sed
890 4898 1075 4966 adversum
1095 4924 1166 4982 eos,
1214 4904 1316 4973 vibus
1332 4904 1442 4992 magis
1466 4905 1674 4979 laudaturus
1695 4924 1766 4997 est,
1788 4938 1897 5007 quarn
1918 4918 2196 4997 declinationem

178 5038 268 5107 quos
292 5014 397 5083 etiarn
420 5011 494 5102 ipse
514 5026 632 5074 censos
655 5000 878 5070 coercendos.
926 4992 1027 5085 Quos
1047 5013 1164 5068 autem
1213 4997 1418 5073 Barnabas
1437 4998 1484 5079 V
1479 5030 1628 5079 orrasrss
1645 5004 1673 5107 ³)
1693 5012 1757 5106 qui
1770 5006 1868 5087 nunc
1885 5024 1930 5089 ad
1948 5034 1987 5093 te
2003 5048 2090 5097 cum
2101 5026 2196 5099 lienis

215 5237 239 5301 1)
260 5229 390 5284 medem
404 5228 506 5300 prosi,
526 5218 641 5293 quodie
658 5216 720 5271 cod.
734 5214 872 5287 legituret
887 5216 1069 5271 mendumest
1171 5224 1177 5229 ’
1247 5236 1275 5303 s)
1295 5238 1425 5289 Batenos.
1443 5237 1529 5300 Vorr.
1543 5251 1569 5296 et
1579 5262 1650 5315 quae
1664 5260 1814 5321 sequnntur
1830 5247 1964 5325 leguntur
1984 5260 2068 5319 etim
2082 5263 2112 5321 in
2126 5262 2192 5319 Mss-
2249 5278 2251 5285 ·

212 5318 241 5384 2)
258 5316 407 5383 συμφωνεῖ
418 5307 513 5381 scripsi
525 5322 577 5376 pro
589 5298 728 5373 συμφῦν,
753 5298 826 5369 quod
839 5298 918 5353 babet
930 5299 994 5359 cod.
1280 5305 1308 5359 lii
1320 5304 1386 5359 sarr.
1400 5306 1420 5361 l.
1432 5306 1451 5361 l.

2227 4896 2231 4901 ·
2247 4874 2251 4955 l
