4522 5760
493 296 496 301 ¹
556 201 992 301 trassamundum
1020 205 1261 301 ΙἸι,113.,·)ῖ1.ι
1299 205 1443 303 tdddz
1938 218 2025 317 m.

92 369 337 471 am'reram³⁰)
353 381 562 453 doctrinam.
612 377 751 449 Deinde
767 374 911 472 quod³¹)
930 381 974 459 ad
993 400 1074 467 opes
1089 394 1124 449 et
1139 379 1272 450 reditus
1287 380 1564 469 autnu,‚.utam
1580 375 1648 451 boc
1663 384 1847 477 docemus,
1871 384 2012 479 Regum

91 485 241 575 ‚ncipnm
258 484 467 554 donationes
482 506 553 551 esse
568 505 624 551 res
639 481 771 565 licitas3
799 495 883 551 sunt
899 495 1014 549 alutem
1032 482 1166 549 reditus
1177 478 1220 574 ³²)
1238 482 1292 549 illi
1307 480 1445 571 Regum
1463 497 1496 553 et
1509 480 1716 575 Principum
1733 474 1971 565 donationes..

91 585 205 676 Quare
229 589 328 680 quod
347 580 509 655 adhunc
531 583 722 652 articulum
743 581 869 651 attinet
890 583 933 651 de
950 580 1404 672 Superioritatel'ontilrcia
1424 586 1516 654 etde
1529 572 1789 677 Episcopor'mn
1804 593 2011 665 arrctoritate

94 703 125 759 st
142 674 331 770 dissensio,
364 701 398 756 et
418 688 520 755 facile
544 697 692 775 possunt
713 683 865 751 retinere
881 683 1123 751 auctoritatem
1140 707 1238 751 suam
1256 684 1441 755 Romanus
1457 685 1618 753 Pontifex
1638 702 1671 756 et
1689 691 1815 775 caeteri
1831 687 2010 787 Episcopi.

101 805 150 861 est
168 791 264 858 enim
280 790 318 857 in
333 785 490 858 Ecclesia
505 786 819 877 gubernatoribus,
847 785 909 887 qui
928 798 1068 853 vocatos
1083 788 1124 852 ad
1138 786 1340 856 'ministeria
1358 786 1586 855 ecelesiastica
1604 789 1785 878 explorent
1807 790 1890 886 et³³)
1912 799 2010 865 ordi.

112 906 147 961 et
162 892 293 961 iudicia
309 890 540 975 ecclesiastiea
559 900 757 971 exerceant,
791 900 828 973 ct
846 886 1037 975 inspiciant
1060 887 1257 955 doctrinam
1282 892 1514 959 sacerdotum.
1567 884 1615 955 Et
1637 902 1676 957 ut
1697 893 1846 962 maxime
1869 892 2009 993 nullil‘)

91 990 298 1084 :Episcopi,
322 1007 439 1062 tamen
458 991 568 1059 creari
584 990 669 1057 tales
689 984 931 1083 oporterctf⁴).
983 986 1138 1056 Tantum
1164 1004 1342 1077 optamus,
1375 1006 1415 1059 ut
1439 983 1563 1082 hi**),
1598 991 1660 1082 qui
1681 1010 1895 1079 nunesunt,
1920 996 2010 1089 Epi.

95 1096 284 1185 inspiciant
299 1094 497 1163 doctrinam
509 1084 594 1186 Μ)
617 1104 650 1159 et
663 1114 782 1157 sanam
797 1089 997 1173 doctrinam
1019 1104 1141 1159 curent
1157 1084 1372 1182 Ecclesiis³')
1390 1092 1458 1158 sibi
1477 1090 1670 1159 commissis
1687 1094 1836 1164 fideliter
1853 1096 1997 1189 tradi³⁶)

91 1196 113 1265 si
131 1198 303 1275 fluerent,
337 1200 442 1264 nemo
468 1195 609 1263 deberet
632 1188 870 1261 obedientiam
894 1212 1065 1262 recusare.
1125 1190 1310 1262 Prodesset
1335 1192 1440 1260 etiam
1466 1216 1543 1260 meo
1566 1193 1698 1261 iudicio
1721 1195 1781 1263 illa
1804 1197 2010 1273 monarchia

91 1298 138 1366 tni
158 1296 339 1367 Pontificis
361 1298 404 1365 ad
421 1292 506 1380 boc,
540 1306 579 1363 ut
595 1292 775 1362 doctrinae
791 1316 980 1361 consensus
997 1293 1208 1362 retineretur
1225 1294 1263 1360 in
1280 1294 1400 1362 multis
1416 1295 1634 1367 nationibus.
1686 1293 1806 1382 Quare
1827 1300 1929 1370 larile
1945 1328 2010 1394 po-

91 1400 230 1467 rnstitui
247 1397 435 1467 concordia
449 1399 487 1465 in
500 1392 569 1467 hoc
587 1394 735 1463 articulo
751 1394 794 1461 de
811 1386 1372 1491 superioritatePontificia****),
1395 1396 1424 1464 si
1439 1399 1481 1465 de
1497 1396 1641 1464 caet-eris
1655 1398 1812 1466 articulis
1827 1406 2009 1475 conveniri
2053 1458 2056 1463 .

91 1494 174 1595 it³⁷).
226 1500 412 1579 Caeterum
429 1494 528 1568 illam
544 1497 810 1579 immoderatam
827 1489 860 1563 et
877 1496 1043 1563 iniustam
1059 1497 1250 1586 potentiam
1264 1494 1423 1567 Romani
1441 1496 1638 1581 pontilicis,
1668 1522 1774 1591 quam
1796 1501 1834 1568 in
1859 1508 2010 1575 transsc-

91 1603 243 1691 sreguis
266 1602 442 1671 interdum
466 1598 671 1691 usurpavit,
706 1596 822 1687 Reges
845 1596 912 1687 ipsi
935 1598 1110 1666 moderari
1128 1598 1229 1667 facile
1244 1612 1421 1689 poterunt.
1472 1598 1568 1669 llaec
1582 1602 1754 1693 nequead
1774 1598 2009 1695 Evangelium

91 1730 99 1772 r
116 1708 159 1773 ad
176 1702 371 1774 Ecclesiam
385 1694 629 1797 pertiraentf⁸).

425 1932 502 2033 (De
528 1931 566 2004 T
566 1931 817 2005 reditionibus
843 1928 1018 2004 burnonis
1047 1958 1165 2004 rerum
1193 1929 1480 2038 indifferentium
1496 1931 1568 2031 ³⁹).)

222 2107 317 2174 (Apud
328 2101 450 2157 Schweb.
464 2111 491 2154 et
505 2105 535 2155 in
547 2106 607 2179 cod.
620 2102 744 2170 Menae.)
869 2160 873 2168 ¹
1154 2100 1263 2167 (catut.
1280 2105 1362 2157 Pereo.
1377 2103 1444 2161 Res.
1460 2112 1488 2155 et
1503 2106 1581 2156 codd.
1598 2102 1681 2155 Gella.
1697 2123 1732 2158 ac
1749 2106 1855 2173 Melon.)

91 2211 146 2283 Sic
161 2212 265 2280 etiam
283 2209 383 2277 sacile
408 2206 493 2275 iniri
517 2208 606 2275 ratio
632 2207 841 2276 concordiae
861 2220 976 2298 potest
1118 2205 1258 2276 Scimus
1275 2207 1526 2275 traditionibus
1551 2194 1586 2276 et
1609 2209 1787 2301 aliquibus
1811 2211 2008 2283 ordinatio-

91 2315 159 2382 bus
181 2306 401 2403 adiaphoris,
429 2323 469 2377 ut
490 2310 533 2375 dc
557 2308 664 2393 cibis,
697 2300 815 2389 seriis,
847 2309 974 2378 vestitu
1017 2309 1123 2376 nibus
1137 2331 1225 2396 opus
1243 2332 1324 2375 esse.
1377 2306 1460 2376 ldeo
1483 2310 1520 2376 in
1543 2311 1674 2379 nostris
1693 2310 1831 2401 scriptis
1856 2313 2009 2403 diligen.

91 2415 216 2503 siastico
246 2427 278 2482 et
307 2411 386 2481 aliis
414 2408 589 2479 similibus
611 2410 836 2492 ceremoniis,
870 2410 899 2478 si
931 2410 974 2476 de
1017 2425 1071 2478 ter
1094 2409 1325 2477 discernimus
1348 2410 1566 2482 traditiones.
1625 2409 1715 2481 Item
1739 2414 1830 2482 clare
1851 2416 2008 2485 ostendi-

90 2516 147 2585 ina
171 2512 384 2583 convenerit.
445 2510 536 2581 Nam
568 2509 757 2583 constituta
785 2511 974 2580 concordia
1017 2535 1107 2595 mus,
1119 2511 1206 2603 quid
1222 2504 1530 2601 reprehendamus.
1556 2509 1811 2597 Constatenim
1826 2517 2009 2586 conscien-

91 2619 167 2689 inae
193 2642 265 2685 non
292 2617 429 2685 deceret
453 2626 593 2682 nostros
613 2637 773 2703 separare
795 2636 830 2679 se
852 2637 975 2680 acon·
1018 2613 1084 2682 tias
1108 2612 1194 2681 olim
1214 2611 1340 2680 misere
1359 2626 1497 2681 vexatas
1512 2637 1584 2682 esse
1601 2609 1668 2683 bac
1688 2615 1875 2705 opinione,
1900 2644 2007 2712 quam
2081 2657 2083 2660 ⁴

91 2719 172 2789 dine
201 2718 359 2809 reliquae
392 2710 579 2786 Ecclesiae.
644 2712 732 2783 ltem
765 2714 877 2781 nostri
907 2708 976 2783 boc
1019 2708 1206 2805 Sophistae
1221 2727 1255 2783 et
1271 2714 1333 2782 alii
1350 2714 1482 2784 indocti
1507 2716 1703 2800 linxerunt,
1725 2718 1889 2788 videlicet
1910 2722 2008 2815 qued

91 2847 101 2889 )
118 2820 309 2888 invitarent
324 2832 474 2886 caeteras
489 2818 651 2909 nationes
669 2814 712 2884 ad
729 2811 820 2884 banc
843 2815 976 2884 doctri·
1020 2816 1226 2907 traditiones
1244 2812 1416 2884 humanas
1430 2817 1562 2906 violare
1578 2819 1622 2885 sit
1642 2832 1822 2907 peccatum
1847 2822 2008 2896 mortale.

115 2947 184 3014 qua
205 2921 243 2988 in
267 2922 304 2988 re¹
328 2918 502 3009 optimum
527 2942 616 3009 opus
639 2916 791 2986 caritatis
811 2918 977 2999 facerent.
1019 2916 1117 2987 llaec
1133 2918 1255 3009 opinio
1270 2914 1537 2988 suitborribilis
1554 2919 1755 2989 carnificina
1775 2924 2008 2992 conscientia-

91 3014 170 3093 eie'a
187 3048 265 3091 cum
282 3022 435 3087 anundus
449 3045 521 3088 nou
547 3018 658 3110 pbssi't
679 3016 797 3088 carcre
822 3024 978 3087 eer'emo-
1020 3044 1111 3092 rum.
1172 3016 1256 3087 ldeo
1278 3021 1466 3110 praecipue
1475 3017 1520 3115 ⁴⁰)
1543 3015 1635 3088 hauc
1655 3020 1863 3111 opinionem
1887 3048 2007 3114 repre-

94 3122 426 3204 tordinationibus,
452 3145 540 3214 quae
556 3135 644 3189 esset
661 3120 860 3205 morositas,
886 3120 977 3188 velle
1019 3116 1220 3190 bendimus.
1280 3116 1327 3189 Et
1368 3121 1520 3190 libenter
1559 3122 1751 3191 admittunt
1785 3147 1880 3192 nunc
1913 3128 2008 3195 docti

91 3226 171 3295 ttire
200 3226 243 3293 ab
269 3224 366 3307 aliis,
396 3237 455 3292 aut
477 3246 585 3291 noxas
609 3221 715 3291 malle
740 3226 844 3313 q'uam
867 3222 977 3290 usita-
1021 3247 1142 3291 omnes
1163 3233 1320 3289 nostram
1343 3216 1556 3305 ἐπιείκειαν,
1576 3225 1685 3315 ¹quod
1708 3224 1916 3295 traditiones
1930 3228 2008 3296 vio-

112 3326 297 3396 Praeterea
327 3348 453 3429 magna
476 3348 517 3391 ex
540 3336 638 3413 parte
647 3317 674 3417 ¹)
703 3319 819 3391 adhuc
845 3322 977 3395 retine·
1021 3325 1093 3393 lare
1108 3338 1203 3393 extra
1225 3348 1347 3409 orsum,
1366 3326 1522 3392 scandali
1546 3346 1620 3392 non
1644 3325 1689 3393 sit
1709 3340 1889 3416 peccatum
1910 3353 2008 3397 mor-

94 3428 242 3498 usitatos
273 3428 381 3511 ritus,
414 3450 478 3493 nec
503 3425 697 3519 quidquam
717 3438 804 3494 esset
828 3422 978 3517 periculi
1023 3426 1098 3499 tale.
1149 3424 1220 3495 Sed
1250 3422 1374 3493 omitto
1405 3420 1463 3493 bie
1496 3425 1781 3515 disputationem.
1845 3424 1935 3499 Nam
1969 3432 2007 3500 in

91 3583 218 3596 ...-
644 3520 647 3527 ’
842 3520 845 3525 ’
924 3522 928 3533 ’
1022 3526 1193 3619 Apologia
1213 3541 1247 3594 et
1262 3526 1344 3595 alibi
1370 3528 1450 3594 sutis
1472 3541 1633 3619 apparet,
1666 3551 1731 3595 nos
1755 3544 1913 3599 accurate
1934 3534 2008 3601 dis-

91 3618 741 3717 „„,„„„,„dm5,1„„„„,1‚'M,„„
804 3628 808 3637 ⁴
935 3702 940 3719 ,
1021 3629 1216 3713 cernerein
1236 3623 1474 3719 lpocarticulo.
1514 3626 2007 3723 Constitutoautemdoctri-

91 3730 338 3817 §exaequentunu
501 3800 506 3812 ‚
634 3795 639 3809 ,
1021 3755 1090 3799 nae
1102 3730 1309 3815 concordia,
1335 3745 1451 3821 postea
1467 3726 1668 3801 Christiana
1692 3726 1843 3813 charitas
1854 3734 2010 3804 ‚debebat

91 3812 184 3856 ottrrret
197 3812 426 3850 eturrn---
443 3802 566 3865 reditus,
584 3797 739 3851 exciderunt
755 3816 797 3867 ap.
813 3797 902 3851 Schw.
1187 3832 1195 3847 ·
1348 3831 1356 3846 ·
1555 3833 1563 3849 .
1652 3833 1661 3848 ο
1805 3833 1847 3850 ··
1917 3836 1927 3851 .
1980 3837 1989 3853 .

91 3875 236 3935 mm„
250 3879 277 3920 Λ
291 3869 389 3922 ωῑάῑ,
402 3868 474 3939 apud
488 3867 579 3921 sctrw.
1020 3834 1198 3901 moderarr
1210 3856 1311 3900 usum
1328 3845 1475 3917 rrtuum3
1503 3858 1585 3925 quia
1603 3856 1699 3901 erum
1713 3834 1866 3922 publrcrs
1881 3836 2009 3929 aquur-

91 3940 171 4021 iqlub·
186 3940 305 3991 screatu.
410 4004 416 4017 ,
456 4005 464 4018 ,
1020 3934 1387 4021 lmsordinationibus
1404 3958 1491 4024 opus
1514 3947 1582 4018 est,
1613 3933 1721 4002 satius
1746 3948 1834 4003 esset
1858 3937 2009 4007 retinere

91 4003 603 4075 trecodttonac„requmoportrt.
1066 4036 1074 4051 ·
1204 4036 1212 4052 ·
1507 4044 1510 4051 .
1629 4034 1664 4073 .'
1722 4028 1743 4069 3
1998 4040 2008 4057 ,

91 4078 120 4129 „-
132 4078 202 4127 Μ
218 4095 231 4124 ,
248 4070 346 4126 statut».
364 4084 389 4124 „
403 4072 467 4125 pe„
1019 4049 1168 4104 usitatos
1183 4049 1272 4103 rrtus
1287 4058 1391 4127 quam
1400 4049 1715 4123 novosexrogrtare
1744 4034 1771 4129 ).
1809 4034 1881 4106 Nec
1896 4055 2007 4125 nostrr

109 4141 300 4198 setaniae:
319 4144 508 4194 sacerdotum.
548 4152 552 4157 ·
625 4150 628 4159 ·
664 4162 667 4167 ·
1022 4148 1229 4206 recusarunt
1247 4135 1286 4203 in
1310 4136 1542 4205 conventibus
1565 4159 1704 4207 servare
1729 4130 1940 4233 oldadpopu,
1972 4142 2010 4211 id

91 4209 678 4347 qupilp§¹31¹thljquqqdqnlieggqsffiqnm
701 4275 885 4343 „concedunt
903 4275 980 4343 item,
1022 4252 1090 4319 esi,
1120 4222 1427 4329 indlllerffltlla⁴¹),
1467 4251 1501 4307 el
1522 4231 1638 4306 adhuc
1662 4238 1701 4306 ln
1723 4240 1902 4333 plerisque
1923 4242 2009 4312 ¹⁰⁰l⁸

91 4351 163 4405 :itum
178 4368 234 4400 esse
247 4359 325 4427 arque
339 4346 421 4413 urite,
438 4357 467 4399 ur
483 4347 623 4398 Romanus
642 4345 790 4426 Episcopus
804 4343 980 4415 praestrue·
1022 4363 1148 4429 magna
1170 4363 1210 4406 ex
1232 4353 1330 4428 parte
1352 4341 1543 4408 retinemus
1568 4339 1728 4430 publicos
1740 4342 1843 4410 ritus
1863 4356 2011 4427 veteres,

91 4416 299 4553 [³2¹¹{glfiffl'ss’
331 4424 360 4489 ‘²²-
378 4433 528 4470 convocare
547 4412 609 4469 ³⁰⁰⁵
631 4422 729 4485 ‘'⁰⁵⁵¹‘’
760 4412 979 4506 quandocunque
1020 4442 1126 4509 festos
1141 4440 1216 4508 dies
1230 4436 1381 4524 Christi,
1408 4440 1587 4508 cantiones
1600 4440 1676 4530 pias
1699 4455 1849 4527 veteres,
1882 4458 1916 4515 et
1937 4446 2011 4537 ple-

91 4562 107 4621 ι)
126 4552 283 4620 maudein]
301 4549 400 4604 Calcat».
417 4550 479 4604 Per.
497 4560 522 4605 er
536 4549 620 4603 Peuc.
638 4546 850 4615 menaporum.
1022 4565 1131 4633 raquo
1147 4542 1285 4612 usitata.
1337 4541 1519 4609 Praeterea
1544 4540 1738 4627 similitudo
1762 4544 1896 4613 rituum
1920 4547 2012 4615 invi-

91 4624 178 4747 {dg
193 4630 538 4755 qqaeqssqqe'eppqqnqew
557 4688 597 4745 ad
617 4686 725 4803 eumq.
745 4702 836 4753 nequa
852 4688 893 4737 aa
908 4683 982 4737 M,
1024 4656 1112 4712 taret
1128 4656 1278 4710 caeteras
1294 4645 1472 4727 arationes,
1496 4655 1537 4711 ut
1554 4634 1695 4725 facilius
1710 4636 1906 4739 reciperent
1921 4642 2011 4727 banc

91 4756 231 4841 tribuous·
274 4756 375 4829 dpogq.
404 4756 518 4809 alterurn
545 4772 574 4837 qn
600 4752 809 4815 oudilonem
835 4762 980 4821 poterunt,
1024 4744 1221 4813 (loclrlnam
1244 4742 1447 4831 Evangelii,
1477 4736 1718 4815 nee-haberet
1735 4746 2011 4837 qqtllcquamjn.

91 4834 329 4960 ΞᾜἸΖῼᾞἮ
342 4824 569 4957 ,Ιξῂᾗξζζζᾰ
587 4822 744 4921 admodum
763 4838 820 4875 ''⁰''
837 4839 983 4888 ‘mmm’
1025 4846 1200 4914 commodi
1216 4840 1301 4957 baec
1316 4843 1534 4960 observatis),
1560 4844 1588 4911 si
1612 4859 1745 4957 extaret
1764 4850 2013 4959 rectas'rluctri-

91 4965 160 5021 cod.
173 4961 260 5042 ,Gom
275 4970 301 5040 er
316 4960 379 5014 eod.
393 4958 488 5041 Metu
499 4968 532 5011 ,ιι
543 4958 628 5013 reove
639 4956 868 5023 moderantiam.
900 4958 981 5030 Apud
1025 4972 1090 5031 na,
1111 4970 1211 5038 quae
1221 4949 1361 5041 (luceret
1376 4946 1463 5015 tales
1476 4958 1567 5015 ratus
1581 4946 1820 5017 observandos
1843 4954 1915 5019 esse
1938 4952 2014 5021 sine

91 5036 316 5163 ffissnffifflm
339 5049 395 5083 ¹¹⁰⁰
416 5028 524 5099 ΨΜ·
560 5022 761 5099 Apudcotub
780 5036 806 5081 ‘¹
826 5024 983 5081 Petatur
1025 5048 1292 5139 superstitione,
1318 5043 1385 5116 buc
1401 5061 1468 5132 cst,
1493 5047 1569 5115 sine
1590 5049 1760 5139 opinione
1778 5049 2014 5125 iustitiaeaut

91 5155 148 5235 lace
166 5168 196 5223 in
209 5142 296 5221 altero
313 5154 411 5236 apogr.
422 5164 535 5218 Mauso.
554 5161 617 5233 sier
631 5172 683 5217 unt
701 5150 770 5231 quid
788 5162 908 5229 periculi
924 5180 984 5216 esse
1697 5184 1700 5193 ·
1804 5178 1807 5185 ·
1864 5162 1888 5205 ..t

91 5248 167 5305 treas,
185 5246 300 5299 serame
315 5235 502 5287 communiter
513 5228 692 5305 adimpleam,
713 5238 797 5284 modo
815 5242 885 5284 esset
904 5242 984 5284 rectu
1060 5232 1107 5294 40)
1130 5230 1199 5285 Cod.
1214 5230 1298 5285 Goth.
1310 5234 1483 5299 praeripere.
1673 5246 1677 5253 ·
1922 5254 1936 5269 .-

91 5312 206 5370 rrtrr'rm,
233 5323 270 5356 ex
289 5323 346 5372 qua
361 5307 467 5357 discere
483 5306 603 5367 pessunt
621 5300 825 5367 eonsu'entlue,
845 5304 984 5367 quemodo
1060 5300 1190 5366 *)l’eoc.
1204 5304 1362 5365 exngr'tare.
1498 5358 1506 5369 .
1537 5338 1556 5363 -,
1593 5360 1596 5365 ,
1925 5346 1928 5351 ,

91 5374 335 5440 recuperaturum
347 5390 382 5423 ea
394 5376 554 5424 servemur.
695 5394 710 5407 ··
904 5424 912 5441 ἱ
1060 5372 1106 5437 tt)
1127 5370 1210 5421 tuest
1223 5370 1309 5436 indiff
1326 5368 1482 5423 cad.Gotbr
1496 5377 1559 5424 etc.
1573 5366 1665 5423 Metu
1679 5388 1735 5425 nou
1748 5370 1878 5429 babenti*

97 5478 172 5519 xru.
187 5453 291 5517 Orrx.
318 5452 400 5514 Vox..
415 5448 457 5513 ll.
1141 5440 1191 5512 48
