4522 5760
121 124 264 262 ιε’
696 146 1304 279 ,ιειειοιιιυιιίιι
1337 172 1568 267 suu.
2066 176 2155 277 us

124 342 243 443 Atque
257 348 296 415 in
314 346 451 417 difficili
465 370 579 432 causa,
593 347 691 443 quod
707 345 874 437 Principe
888 343 1115 443 diguurniest,
1163 368 1265 429 mus,
1296 370 1369 441 quo
1383 346 1693 435 moveritatcm
1705 346 1892 441 profitetur
1907 347 2069 441 civilius,
2086 350 2156 431 ιιι-

176 445 351 518 ludicium
369 448 507 541 sapiens
529 448 759 541 praecipitare
777 460 886 517 cavet.
1153 448 1261 531 „unde
1278 446 1466 539 experitur.
1523 446 1603 525 Stet
1615 447 1750 539 dictum
1763 442 1919 545 chisti,
1931 526 1934 531 ,
1944 450 2106 537 animm
2121 448 2156 521 α’

125 546 261 619 Interea
275 549 369 619 curis
386 574 450 639 ego
466 575 577 641 paene
592 550 761 625 absumor
773 548 921 633 acerbis,

174 648 335 743 Namque
349 651 508 721 animum
522 653 656 746 patriae
672 646 773 723 'saeva
785 648 917 743 pericla
931 662 1087 737 movent,

113 746 301 845 Nullaque
318 765 400 821 sunt
417 766 532 823 tantas
546 748 639 833 inter
655 746 782 845 solatia
792 773 906 835 cerras,

173 850 249 922 Has
260 848 302 948 ¹⁴)
315 852 385 922 nisi
399 846 594 939 Pantanus
607 838 751 951 quod¹⁸)
767 846 922 943 revelare
934 848 1050 935 stridet
1058 840 1111 945 ¹⁵),

124 948 208 1041 Quo
222 977 328 1023 nemo
342 954 382 1022 in
403 952 666 1049 tanto'num'ero
683 954 917 1052 praestantior
932 974 1006 1053 uuo
1022 964 1074 1020 est

173 1050 329 1148 Eloquia
349 1070 383 1125 ει
394 1042 487 1147 veris¹
501 1042 748 1155 perpetuisque
767 1055 881 1127 honis.
1002 1104 1006 1111 -

122 1150 313 1225 Pulchrius
328 1151 424 1226 haud
440 1158 559 1227 videas
580 1158 679 1251 iuter,¹
687 1156 882 1259 spectacula
896 1154 1092 1249 quidquam

173 1252 275 1345 Quae
287 1258 431 1327 domino
448 1260 532 1329 facit
545 1260 631 1343 urbs
648 1256 804 1341 officiosa
817 1280 893 1341 suo,

123 1352 242 1445 Quam
256 1382 337 1427 cum
352 1352 715 1451 dicturustttlauus
729 1356 970 1438 solveritora,

141 1506 144 1513 -
168 1454 219 1529 Et
234 1480 357 1549 regum
370 1458 777 1559 attendit'curiaq‘magpa
793 1461 922 1539 virum.

122 1552 201 1649 lpse
215 1580 299 1631 suos
312 1562 434 1631 oculos
449 1559 578 1633 Caesar
593 1564 713 1653 defigit
728 1562 766 1633 in
782 1583 906 1644 unum,

171 1656 220 1728 Et
233 1658 329 1730 Deus
338 1657 377 1756 ¹⁷)
391 1663 499 1732 unius
513 1667 645 1755 pendet
658 1668 703 1735 ab
717 1688 778 1735 ore
797 1662 877 1729 vi'ri.

121 1757 181 1832 Sic
197 1756 310 1831 Ithaci
326 1764 507 1856 eloquium
522 1764 648 1855 mirata
662 1782 713 1838 est
725 1764 876 1835 Graecia
890 1762 1082 1857 quondam,

172 1860 280 1951 Quod
297 1864 395 1934 velut
414 1859 581 1936 hibernas
593 1868 746 1959 ludibili?
762 1888 829 1957 ope
844 1862 955 1961 nives.

120 1958 235 2047 llaec,
262 1957 500 2067 ΒενιιΙιιιηΙεΞ
525 1962 759 2063 patris'debes
773 1960 959 2061 praecunia
973 1988 1057 2035 vera
1078 2054 1082 2061 Ι

168 2056 354 2134 Pontonis
371 2067 476 2136 etiam
490 2066 764 2157 commemorare
780 2068 861 2157 tuis,
925 2140 927 2145 ,

121 2164 170 2235 Ut
183 2164 312 2256 patrias
326 2165 449 2237 laudes
459 2164 499 2261 ¹⁸)
514 2169 638 2261 primis
654 2160 833 2241 mireutnr'
844 2168 889 2237 ab
904 2167 1020 2253 annis,

167 2262 218 2337 Et
233 2266 363 2338 virtute
379 2270 490 2341 velint
504 2295 604 2361 posse
618 2262 748 2345 relerre
763 2283 910 2363 patrem.
1033 2348 1040 2365 Ι

118 2358 247 2437 Totius
262 2380 422 2461 expectas
445 2388 638 2455 conventus
652 2374 802 2461 forsitan
816 2370 903 2461 acta,
964 2454 967 2461 Ι

154 2466 238 2545 sed
250 2492 350 2538 mens
364 2494 466 2563 aegra
486 2464 580 2544 vetat
596 2476 748 2565 scribere
765 2473 896 2564 plura.¹
929 2468 1031 2539 Vale.

228 2572 325 2639 Datne
353 2582 386 2637 in
413 2581 487 2640 urbe
518 2579 698 2665 Angustans
721 2572 759 2661 ¹⁹)
791 2578 834 2644 V.
868 2574 991 2653 Celend.
1021 2574 1104 2661 Acsg.

327 2680 434 2747 esso.
456 2670 502 2760 ²⁰)

732 2716 737 2725 ⁸
794 2764 891 2845 ruit:
915 2744 1003 2847 Mu.

943 3056 1001 3117 28.
1018 3046 1078 3111 lut.

927 3137 1099 3175 w

166 3204 320 3323 Cupito
343 3221 386 3293 ει
415 3206 604 3315 Bucerus
629 3208 692 3292 ad
719 3210 1050 3299 Metanttonem.

182 3382 260 3438 Edita
280 3405 295 3439 a
318 3384 473 3451 Caelestino
492 3386 521 3439 iu
539 3386 601 3442 bist.
621 3386 724 3461 Gemit.
744 3386 777 3442 P.
792 3386 825 3443 ll.
845 3408 873 3461 p.
888 3390 1018 3447 Mb...
1052 3394 1101 3449 Est

82 3502 85 3507 .
214 3454 427 3597 ἱειιξῑιιὲἑιιιιῶι.
436 3454 619 3511 Melantbenis
632 3456 773 3567 epistolam
792 3475 874 3529 snpra
888 3456 917 3515 d.
931 3460 974 3516 26.
987 3461 1037 3517 lul.
1049 3463 1099 3518 ds-

111 3672 288 3779 Capito
317 3688 358 3761 et
390 3674 604 3763 Bactrus
634 3672 870 3781 Philippo
901 3680 1098 3758 Melou-

311 3818 316 3829 ·
475 3786 478 3795 '
525 3778 673 3861 thoni
760 3856 763 3861 ,

112 3894 231 4009 Quod
251 3916 408 4010 colloqui
438 3930 553 3989 tecum
579 3929 762 4007 optamus,
798 3916 859 3991 vir¹
885 3920 1098 4009 doctissime,

112 4041 188 4086 non
209 4018 293 4087 iude
311 4031 381 4104 est,
419 4014 536 4097 Deum
561 4030 750 4105 testamur,
789 4034 831 4091 ut
849 4021 889 4093 iu
911 4045 993 4109 vos,
1026 4048 1097 4119 qua

112 4119 208 4211 apud
234 4121 409 4189 muudum
429 4120 635 4209 flagramus,
666 4121 823 4199 invidiae
845 4137 982 4215 partem
1003 4124 1095 4193 deri-

112 4243 245 4292 vernus.
304 4220 396 4291 Satis
417 4244 571 4314 namque
590 4222 771 4308 novimus,
796 4226 973 4295 mundum
1003 4222 1096 4295 nibil

113 4344 257 4411 prorsus
271 4317 405 4392 Christi
417 4324 524 4405 terre,
550 4348 760 4416 quacunque
775 4324 866 4395 illud
882 4328 1019 4397 ratione
1034 4330 1097 4397 ad-

112 4421 308 4506 ministres,
328 4421 364 4489 id
384 4426 480 4515 qnod
498 4448 573 4494 uon
592 4426 760 4495 tusolurn
776 4427 957 4497 sedetiam
973 4422 1097 4497 Eras-

118 4568 335 4587 *u-

151 4643 194 4713 1⁴)
209 4641 337 4697 Wimur.
352 4640 440 4695 Ilaec.

149 4729 198 4799 15)
215 4726 343 4781 Wiurm.
360 4741 442 4793 quoe·

151 4814 194 4883 16)
212 4811 341 4867 Balleust.
356 4812 438 4864 solet.

148 4897 194 4965 17)
213 4896 280 4951 But.
293 4899 388 4949 decus.

150 4982 192 5050 18)
211 4979 280 5035 cot.
293 4978 326 5032 B.
338 4988 426 5033 artes.

149 5064 196 5131 ts)
213 5064 261 5119 Sic
275 5061 416 5133 wicum,
433 5078 459 5115 c.
474 5058 506 5115 Β.
520 5058 692 5131 simpliciters
708 5064 864 5131 Augustae.

148 5150 196 5213 10)
213 5148 329 5217 munt,
339 5148 411 5202 dieru
424 5156 451 5201 et
461 5151 564 5201 sunum
577 5145 713 5203 desidem
726 5148 753 5202 in
767 5160 840 5207 textu
855 5156 939 5229 epigr.
951 5156 980 5211 in
992 5168 1099 5231 autogr.

1165 548 1385 641 perdendum
1405 572 1498 634 esse,
1525 551 1588 643 qui
1608 552 1706 643 apud
1722 546 1844 645 [ipsum
1866 550 2031 643 invenire
2053 546 2153 623 illam

1163 650 1280 747 cupit,
1310 648 1458 733 unicum
1476 652 1633 743 prolecto
1652 652 1803 743 animae·
1817 650 2045 743 curatorem.
2103 646 2154 743 Et

1163 773 1229 833 nos
1241 750 1376 849 alioqui
1389 774 1411 821 a
1423 752 1566 847 publica
1580 762 1699 841 mum
1748 754 1751 759 ’
1775 754 1990 845 orbatione,
2007 754 2152 851 ,utqui-

1161 850 1269 947 (papus
1284 852 1371 941 alii,
1406 847 1654 941 abhorremus.
1738 926 1754 943 ,,
1809 880 1891 943 cnm
1899 854 2150 945 sictonam

1161 952 1320 1043 studique
1334 952 1502 1024 omnibus
1517 956 1684 1031 anteferri
1701 954 1847 1043 debeat,
1870 957 2024 1045 sictiam
2037 970 2150 1049 ειιεε-

1161 1076 1218 1137 ιιιε
1236 1052 1342 1125 rebus
1358 1050 1524 1125 humanis
1540 1056 1770 1145 immineant,
1794 1082 1871 1147 uon
1893 1056 2016 1137 licebit
2032 1072 2147 1147 tamen

1161 1154 1309 1247 prodere
1323 1156 1505 1237 veritatem
1520 1154 1787 1251 Evangelicam,
1811 1173 1924 1230 tacere
1941 1160 2035 1253 qu'ae
2050 1158 2147 1255 loqui

1160 1256 1260 1341 iubet
1273 1252 1387 1341 Deus,
1422 1256 1624 1351 relinquere
1642 1260 1771 1351 lupis„
1785 1284 1854 1351 pro¹
1865 1282 2055 1353 quogrege
2067 1284 2148 1341 sart·

1159 1356 1301 1447 guinem
1323 1352 1485 1429 Christus
1513 1360 1617 1433 ludit.
1682 1358 1795 1449 Vides
1813 1362 1921 1432 modo
1945 1360 2003 1449 id,
2042 1362 2148 1455 qpptl,

1160 1482 1229 1553 qpa
1251 1482 1287 1527 es
1311 1450 1521 1531 innocentia
1535 1474 1570 1530 et
1585 1461 1763 1549 bonitate,
1795 1456 2074 1557 haudquaquam
2089 1487 2148 1551 su-

1157 1558 1366 1651 spicabaris,
1398 1584 1524 1652 nempe
1543 1562 1683 1633 veritati
1699 1564 1786 1649 adeo
1809 1558 1901 1647 nibil
1924 1562 2063 1653 uspiam
2080 1562 2147 1633 loci

1159 1664 1232 1727 c'sse
1256 1660 1445 1752 reliquum.
1502 1658 1607 1731 Haud
1630 1664 1726 1732 enim
1753 1654 1983 1755 multisunt,
2016 1664 2147 1757 quibus

1158 1761 1280 1830 datum
1314 1774 1380 1847 est,
1419 1786 1492 1831 sese
1520 1764 1662 1854 penitus
1694 1766 1868 1855 abnegare
1902 1778 1938 1836 ct
1974 1766 2147 1835 devovere

1158 1886 1264 1931 eruci.

1258 1959 1355 2033 llaec
1372 1987 1451 2032 cum
1469 1964 1608 2055 pridem
1623 1960 1727 2035 nobis
1744 1967 2042 2057 persuaserimus,
2073 1990 2148 2043 non.

1156 2086 1342 2155 possumus
1364 2089 1384 2132 a
1410 2067 1544 2133 mundo
1568 2065 1666 2135 aliud
1682 2090 1788 2161 quam
1802 2068 1934 2137 exitum
1954 2080 2147 2161 expectare,

1158 2164 1293 2234 etiamsi
1317 2164 1418 2233 illum
1448 2188 1512 2255 per
1528 2161 1790 2239 Eucharistiam
1817 2165 1911 2238 nihil
1937 2168 2147 2239 offendisse-

1156 2289 1255 2350 mus,
1281 2279 1315 2357 ει
1329 2266 1522 2357 arctissime
1538 2292 1680 2385 quoque
1698 2264 1790 2339 inter
1806 2294 1872 2339 nos
1891 2270 2076 2343 coniuncti
2093 2294 2146 2341 es-

1157 2389 1285 2451 semus,
1307 2362 1623 2459 quotquotChcistr
1640 2392 1714 2439 csse
1732 2370 1907 2451 volumus.
1958 2366 2146 2459 Quantula

1156 2466 1252 2534 euim
1273 2483 1476 2537 nostrorum
1499 2469 1659 2539 omnium
1680 2472 1724 2539 ad
1746 2494 1825 2555 eoS,
1844 2471 1921 2564 qui
1937 2468 2146 2545 Romanurn

1156 2567 1356 2658 pontificem
1372 2558 1584 2658 agnoscunt,
1605 2572 1747 2665 portio?
1787 2566 1846 2642 Ab
1860 2568 2095 2668 uuoChriqto
2112 2586 2147 2645 et

1156 2669 1224 2736 fide
1242 2693 1383 2737 omnem
1399 2672 1585 2761 petendam
1604 2668 1773 2742 iustitiam
1789 2683 1824 2741 ct
1837 2672 2006 2758 salutem,
2029 2674 2147 2771 ¹caetu-

1156 2793 1194 2838 ra
1209 2770 1328 2839 fucum
1344 2793 1435 2855 esse,
1456 2771 1493 2839 id
1509 2796 1595 2841 vero
1610 2784 1672 2857 est,
1698 2776 1794 2866 quod
1813 2775 1853 2843 in
1864 2797 1941 2859 nos,
1960 2788 2003 2845 ut
2015 2774 2146 2847 mundi

1154 2868 1368 2963 Principem,
1384 2873 1433 2949 ita
1448 2886 1482 2942 et
1497 2874 1673 2944 muudum
1690 2889 1897 2948 commovet.
1931 2872 2035 2963 Quid
2048 2877 2146 2949 enim

1041 2976 1044 2981 '
1154 2971 1235 3041 illos
1249 2974 1455 3057 conturbet,
1486 2976 1638 3066 quadam
1659 2976 1798 3045 ratione
1816 2998 1942 3065 negare
1959 2974 2143 3076 Christian

1154 3072 1192 3140 in
1216 3096 1324 3165 pane,
1357 3074 1420 3168 qui
1442 3097 1488 3142 ne
1511 3075 1549 3143 in
1563 3074 1659 3145 coelo
1680 3076 1824 3171 quidem
1841 3100 1913 3147 esse
1935 3076 2144 3169 ipsumcre·

1153 3174 1268 3244 dunt?
1288 3172 1396 3245 Nulla
1410 3175 1519 3265 igitur
1535 3176 1639 3245 nobis
1653 3202 1757 3247 causa
1773 3190 1836 3261 est,
1851 3202 1914 3247 cur
1928 3198 2142 3273 quenquam,

1152 3276 1285 3343 nedum
1303 3290 1437 3345 vestros
1458 3274 1641 3368 Principes
1667 3292 1739 3347 tam
1764 3279 1861 3370 pios,
1897 3292 1970 3349 tam
1991 3296 2141 3367 sanctos,

1150 3376 1266 3445 nostri
1284 3376 1460 3465 dogmatis
1482 3376 1619 3447 invidia
1641 3402 1789 3451 orrerare
1822 3380 2017 3471 cupiamus.
2085 3380 2139 3457 dd

1151 3471 1236 3547 haee
1248 3490 1387 3548 tanum
1406 3479 1514 3562 abest,
1539 3491 1579 3548 ut
1594 3486 1774 3570 petamus,
1799 3480 1954 3573 aliquem
1972 3482 2138 3573 profiteri,

1150 3578 1281 3671 dequo
1298 3602 1372 3647 nnn
1387 3577 1434 3649 sit
1447 3603 1511 3669 per
1528 3582 1677 3650 verbnm
1694 3578 1761 3651 Dei
1776 3596 2137 3672 certo-persuaserant

1150 3674 1376 3749 uehementer
1396 3681 1520 3763 etiam,
1550 3682 1582 3749 si
1606 3680 1687 3775 quis
1711 3682 1750 3752 id
1771 3684 1880 3766 ausit,
1911 3678 2136 3759 detestemur

1148 3776 1332 3872 Nusquam
1357 3780 1452 3848 euim
1475 3782 1585 3867 magis
1608 3782 1728 3873 abesse
1755 3784 1989 3855 temeritatem
2010 3808 2136 3863 conse

1148 3880 1222 3965 nit,
1246 3904 1352 3973 quam
1369 3880 1408 3948 in
1427 3882 1569 3969 negotio
1584 3878 1663 3957 Ilei.
1806 3962 1809 3969 ,
2060 3950 2075 3963 .,
2134 3936 2138 3945 -

1247 3978 1361 4051 Porro
1382 3994 1555 4074 quantum
1576 3986 1622 4052 ad
1645 3978 1837 4079 Zwiuglii
1861 3984 2064 4076 apologiam
2084 3978 2140 4057 'ret
2177 4074 2180 4085 Ι

1148 4080 1403 4151 confessionem
1418 4076 1562 4164 attinet,
1593 4080 1776 4176 putamus,
1805 4099 1839 4157 te
1860 4110 1960 4179 posse
1974 4074 2181 4175 secundi„¹

1149 4205 1232 4254 esse.
1282 4179 1427 4252 Praeter
1442 4184 1537 4255 enim
1556 4184 1604 4269 id,
1630 4190 1725 4279 quod
1740 4210 1846 4257 cremo
1860 4188 2013 4277 ignorat,
2033 4182 2160 4281 qus}-

1148 4279 1241 4351 nihil
1256 4282 1360 4351 nobis
1377 4310 1458 4353 cum
1472 4285 1535 4355 illo
1552 4310 1739 4363 commune
1754 4288 1817 4372 sit,
1849 4288 1950 4357 vides
1966 4288 2044 4379 ipse
2057 4290 2136 4375 ianr,

1148 4408 1260 4452 cenum
1283 4380 1351 4455 lroc
1374 4408 1466 4469 esse,
1504 4388 1601 4479 quod
1625 4385 1808 4459 Caesarem
1834 4390 1937 4459 nobis
1971 4390 2136 4463 omnibns

1149 4484 1281 4570 irritet,
1308 4483 1592 4577 quodClrristum
1606 4484 1815 4577 posthabere
1829 4486 1996 4565 Pontifici
2010 4490 2136 4587 nequi-

1149 4609 1239 4657 mus.
1289 4582 1475 4657 Caeterum
1487 4612 1557 4679 quo
1574 4581 1632 4657 hic
1646 4590 1702 4659 vir
1714 4590 1842 4681 spiritu
1856 4592 2057 4683 scripserit,
2080 4590 2138 4663 iu-

1151 4683 1315 4780 dicabit')
1330 4687 1517 4778 spirituum
1536 4686 1767 4763 Ponderator.
1818 4688 1893 4761 Nos
1906 4692 2055 4779 nemini,
2076 4704 2137 4767 aul

1151 4802 1243 4857 certe
1260 4790 1442 4879 perpaucis
1457 4790 1580 4858 datum
1597 4792 1821 4877 arbitramur,
1846 4793 1931 4862 dum
1947 4789 2015 4867 hac
2031 4816 2136 4871 mm

1152 4904 1359 4977 gravantur,
1385 4889 1520 4982 aliquid
1543 4890 1590 4958 ita
1607 4916 1648 4960 ex
1663 4890 1730 4962 Dei
1746 4892 1874 4985 spiritu
1887 4917 2027 4983 gerere,
2049 4894 2138 4973 utei

1151 5014 1231 5059 caro
1255 4984 1347 5058 nihil
1370 5013 1453 5060 suae
1471 4992 1663 5083 pruriginis
1678 4995 1844 5065 adsricet..
1899 4993 1982 5065 Non
2008 4997 2137 5091 (ιεἐιιμι

1150 5090 1274 5175 etiam,
1306 5090 1439 5182 optime
1460 5087 1646 5185 Philippa,
1680 5098 1777 5191 quod
1800 5110 1860 5167 tna
1882 5096 2136 5188 pacescriberc

183 5216 345 5283 monscensi
364 5228 393 5273 et
411 5218 439 5272 iu
455 5233 548 5302 apogr.
566 5214 715 5287 umente,
742 5219 790 5275 sed
808 5222 908 5281 haten
927 5224 1054 5286 wion.
1074 5241 1101 5286 ct
1150 5228 1383 5265 ”’“”’·“““““““

184 5304 210 5343 c.
220 5284 287 5343 liar.

1184 5304 1211 5373 l)
1227 5301 1324 5376 belr.
1336 5302 1489 5365 ιἰιιιίσοῦιίῑ
1506 5302 1647 5360 mendose.
1699 5318 1703 5323 '
1732 5388 1736 5393 .
