4522 5760
108 193 215 325 aas·
393 288 398 301 ,
515 294 524 331 .
697 246 1584 377 uetsTOLAuUMLIB.vl.15s4.
2084 249 2160 337 sss

109 420 311 511 -„cessa'ria
334 420 473 490 novitas
495 421 662 510 fugienda
684 435 745 493 esc
804 420 986 493 Habemus
1006 428 1123 492 autem
1172 482 1175 487 .
1266 417 1315 491 Et
1330 422 1373 490 de
1387 445 1456 493 usu
1469 422 1658 510 diligenter
1671 424 1856 507 docemus,
1881 424 2062 515 quomodo
2078 414 2163 513 pro-

110 536 306 608 =,‚tantum
329 523 508 611 publicam
524 523 672 593 Missam
694 526 733 593 iu
757 525 883 593 diebus
905 526 1012 596 festis.
1068 524 1123 593 lbi
1165 523 1212 593 sit
1232 538 1490 593 sacramentum
1515 519 1590 603 his,
1617 525 1680 617 qui
1703 523 2103 616 agunt'poenitentiam,
2126 538 2162 595 et

124 624 309 710 „utuntur
323 623 434 715 aliqui
452 641 686 710 sacramento,
712 629 888 721 sedprius
902 627 1075 717 explorati
1089 640 1123 697 et
1164 625 1232 694 fide
1254 648 1291 693 se
1307 625 1464 713 erigunt,
1491 639 1525 695 et
1540 628 1706 711 creduut,
1731 628 1798 695 sibi
1816 639 1953 717 peccata
1978 626 2162 697 condona·

126 725 323 811 „confessi
375 723 416 794 ln
433 720 501 794 hoc
516 752 614 796 more
629 725 721 796 nihil
736 741 786 797 est
803 729 964 801 levitatis.
1005 725 1120 797 Credo
1162 727 1206 798 ri.
1258 723 1327 795 Hic
1345 738 1396 794 est
1412 740 1512 796 vetus
1526 750 1623 811 mos;
1646 728 1766 796 nullae
1787 729 1881 797 enim
1904 728 1992 796 olim
2014 728 2160 797 suerunt

124 828 291 912 ¹,nemini
306 827 405 915 gravi
418 827 495 896 viro
512 821 604 898 hanc
622 830 733 923 ipsam
751 830 920 911 sormam,
947 830 977 898 si
990 829 1121 913 videat,
1164 828 1322 918 privatae
1347 826 1495 913 Missae,
1529 840 1564 896 ct
1597 829 1636 896 in
1662 827 1809 898 Graecis
1840 826 2018 920 parochiis
2050 823 2158 898 hodie

124 928 431 1019 „displicituram
1165 929 1272 999 etiam
1289 928 1445 1020 privatae
1460 928 1591 999 Missae
1608 932 1728 1000 nullae
1743 945 1836 1001 sunt.
1872 930 1993 1018 Quare
2009 925 2069 1001 hic
2081 953 2158 999 mos

229 1027 330 1113 „Sed
348 1029 501 1119 privatas
517 1028 646 1099 Missas
670 1032 787 1100 nullas
802 1027 991 1116 habemus,
1017 1044 1051 1100 et
1076 1032 1119 1099 de
1162 1025 1269 1100 habet
1292 1033 1491 1123 exemplum
1513 1032 1639 1101 veteris
1661 1028 1862 1111 Ecclesiae,
1895 1046 1929 1101 et
1960 1031 2157 1121 tutissimus

128 1126 217 1216 „his
233 1144 316 1199 sunt
334 1154 482 1218 magnae
507 1132 780 1222 disputationes,
808 1134 937 1225 quibus
956 1132 1119 1223 praebuit
1162 1145 1224 1205 est

127 1232 377 1318 „occasionem
399 1232 522 1320 ingens
536 1233 595 1300 ille
614 1236 745 1302 abusus
762 1234 954 1302 Missarum
976 1257 1039 1324 per
1065 1245 1119 1300 to·
1263 1230 1408 1302 Veteres
1423 1232 1572 1303 Missam
1587 1249 1716 1304 vocant
1730 1234 1951 1316 sacrificium,
1968 1256 2039 1301 non
2060 1234 2156 1325 quod

125 1328 234 1419 ‚}tum
256 1335 378 1401 orbem
403 1328 594 1414 terrarum,
632 1336 678 1402 ad
700 1361 804 1428 quem
826 1349 878 1405 tot
901 1335 970 1402 iam
994 1333 1118 1402 seculis
1161 1337 1207 1405 sit
1230 1335 1481 1426 applicandum
1504 1360 1569 1425 pro
1596 1337 1675 1404 aliis
1697 1335 1788 1404 vivis
1816 1349 1850 1405 et
1871 1335 2038 1418 mortuis,
2078 1328 2156 1429 ut⁷)

124 1428 344 1521 „Pontifices
377 1435 580 1505 connivent.
639 1433 847 1505 Emendatis
875 1432 932 1504 his
951 1435 1120 1505 abusibus
1161 1451 1339 1506 mereatur
1369 1437 1418 1504 eis
1439 1437 1683 1505 remissionem
1708 1438 1831 1527 culpae
1853 1448 1886 1504 et
1908 1459 2056 1526 poenae3
2093 1437 2155 1503 scd
2203 1494 2212 1503 .

126 1536 301 1622 „fortasse
316 1536 573 1625 disputationes
588 1538 630 1605 de
645 1537 782 1627 privata
802 1537 912 1606 Missa
930 1539 1033 1609 etiam
1051 1537 1119 1604 mi·
1161 1551 1290 1606 vocant
1324 1537 1534 1607 sacrificium
1564 1539 1601 1605 in
1629 1562 1773 1628 genere,
1806 1537 1889 1629 quia
1912 1552 1963 1606 est
1983 1535 2154 1605 memoria

124 1636 363 1726 „tigsrentun
413 1637 509 1708 Sunt
523 1651 641 1707 autem
659 1633 697 1707 hi
711 1641 841 1709 abusus
858 1640 934 1710 noti
947 1652 981 1710 et
1002 1638 1119 1706 mani·
1162 1638 1325 1709 sacrificii
1339 1633 1491 1724 Christi,
1525 1651 1560 1707 et
1582 1664 1688 1730 opus,
1708 1638 1746 1708 in
1770 1663 1840 1730 quo
1868 1639 2004 1727 agimus
2025 1636 2155 1726 gratias

125 1738 255 1841 „festi,
281 1739 378 1831 quod
395 1739 550 1828 lingunt,
576 1741 792 1809 oblationem
810 1742 908 1809 illam
923 1742 1041 1809 valere
1054 1763 1120 1830 pro
1162 1765 1228 1832 pro
1244 1738 1416 1809 beneficio
1425 1733 1464 1835 ⁴⁵)
1472 1735 1618 1814 Christi.
1646 1740 1721 1811 Hac
1732 1741 1868 1811 ratione
1880 1738 2105 1808 concedimus
2113 1733 2156 1834 ⁸),

125 1840 253 1926 „aliis,
281 1840 472 1932 etquidem
491 1866 555 1931 pro
575 1842 715 1912 viviset
734 1844 906 1926 mortuis,
932 1867 972 1911 ac
992 1841 1120 1910 mereri
1160 1856 1203 1911 ut
1223 1842 1261 1909 in
1279 1839 1453 1932 Apologia
1477 1843 1648 1929 diximus,
1673 1842 1822 1911 Missam
1840 1841 2048 1910 sacrificium
2071 1863 2155 1925 esse,
2188 1850 2191 1859 ’
2222 1888 2225 1892 -

123 1941 236 2027 „aliis
249 1942 493 2011 remissionem
514 1956 756 2033 peccatorum,
783 1945 908 2023 etalia
931 1945 1062 2028 multo,
1087 1954 1122 2012 et
1162 1945 1222 2012 sed
1255 1967 1331 2012 uon
1351 1944 1602 2034 applicandum
1625 1969 1691 2035 pro
1714 1944 1793 2013 aliis
1817 1943 1908 2011 vivis
1936 1953 1970 2011 et
1993 1941 2155 2026 mortuis,
2224 1966 2225 1970 ¹

124 2043 301 2137 „quidem
319 2067 359 2111 ex
379 2068 485 2135 opere
502 2057 658 2133 operato.
1039 2104 1046 2113 .
1161 2059 1203 2114 ut
1226 2057 1402 2124 mereatur
1427 2045 1476 2114 eis
1509 2032 1761 2116 remissionem=
1787 2046 1910 2136 culpae
1940 2055 1975 2112 ct
2008 2065 2154 2133 poenae.

142 2148 152 2156 '
225 2143 393 2228 „Veteres
408 2159 535 2233 vocant
551 2144 699 2214 Missam
711 2146 924 2216 sacrificium
941 2171 1015 2215 non
1038 2145 1120 2238 qui-
1163 2144 1378 2239 Quanquam
1403 2161 1520 2216 autem
1541 2148 1581 2216 in
1605 2143 1674 2217 hoc
1695 2147 1845 2218 articulo
1872 2144 2154 2214 moderationem

124 2247 238 2330 „dem
252 2247 343 2329 tale,
369 2247 465 2338 quod
480 2262 655 2331 mereatur
672 2249 751 2317 aliis
769 2248 1014 2318 remissionem
1040 2271 1120 2337 pec·
1161 2249 1317 2338 reperire
1343 2248 1444 2317 valde
1465 2249 1608 2318 difficile
1632 2265 1701 2335 est,
1735 2261 1853 2318 tamen
1887 2245 2031 2316 videtur
2061 2237 2155 2315 mihi

121 2360 335 2432 „catorum
361 2349 422 2415 sed
436 2351 530 2440 quod
550 2348 596 2418 sit
613 2373 702 2441 opus
720 2350 923 2420 faciendum
947 2351 986 2417 in
1009 2349 1120 2417 eccle·
1145 2373 1237 2418 ,nou
1258 2349 1435 2437 alienum,
1466 2350 1496 2417 si
1511 2348 1675 2420 Pontifex
1703 2349 1949 2431 constitueret,
1980 2338 2021 2418 ut
2046 2370 2166 2417 nemo.

123 2448 209 2533 „sia
232 2449 276 2518 ad
300 2448 494 2537 gratiarum
515 2451 702 2528 actionem.
755 2449 909 2521 Etiamsi
932 2450 1012 2544 quis
1034 2448 1122 2520 velit
1161 2464 1344 2539 cogeretur
1359 2452 1403 2518 ad
1417 2451 1727 2541 privatas-Missas.
1780 2449 1869 2534 Sed,
1893 2461 1935 2519 ut
1951 2444 2153 2532 anteadixi,

123 2544 231 2635 „hoc-
241 2553 350 2619 modo
366 2550 416 2619 eis
431 2554 625 2621 concedere
636 2554 812 2643 privatam
827 2553 987 2638 Missam,
1003 2566 1120 2621 tamen
1162 2552 1314 2620 maxime
1333 2555 1530 2642 optandum
1553 2567 1604 2623 est
1625 2554 1663 2621 in
1687 2549 1756 2622 hoc
1778 2551 1947 2634 articulo,
1978 2562 2020 2619 ut
2037 2546 2154 2637 Reges

111 2651 258 2736 ,nouo
272 2653 380 2735 modo
394 2655 668 2740 suntcontenti,
693 2657 754 2724 sed
767 2669 928 2747 pugnant
942 2656 986 2724 de
1006 2652 1122 2745 appli-
1163 2666 1329 2723 curarent
1350 2655 1396 2723 de
1415 2678 1457 2723 eo
1482 2653 1671 2743 diligenter
1701 2652 1910 2737 deliberari,
1946 2664 1980 2719 et
2005 2650 2154 2721 liberari

122 2752 296 2838 ,atione
315 2776 380 2845 pro
400 2754 489 2826 aliis.
635 2766 639 2771 ’
747 2774 754 2794 ¹
1163 2752 1356 2824 Ecclesiam
1376 2756 1421 2825 ab
1444 2751 1633 2826 horrendis
1654 2756 1843 2839 abusibus,
1877 2766 1913 2822 et
1935 2753 2052 2821 sanari
2066 2774 2153 2822 con·

227 2852 376 2939 „Potest
400 2855 511 2943 igitur
531 2856 740 2937 deliberari,
767 2856 797 2924 si
820 2878 895 2924 non
917 2867 1030 2947 potest
1054 2848 1121 2922 ha·
1162 2856 1325 2926 scientias
1355 2857 1550 2946 ambiguas.
1610 2854 1717 2928 Nam¹
1731 2856 1865 2926 multae
1893 2850 2153 2925 controversiae

122 2955 236 3043 „heri
250 2953 435 3048 Synodus,
461 2981 507 3025 an
521 2953 613 3026 hanc
626 2958 901 3049 disputationem
915 2958 960 3025 de
975 2954 1121 3047 privatis
1159 2953 1310 3027 haerent
1323 2957 1362 3027 in
1378 2953 1444 3028 hac
1457 2982 1559 3028 causa
1582 2960 1626 3028 de
1642 2958 1769 3044 Missa,
1792 2956 1977 3040 videlicet,
2008 2956 2053 3024 de
2071 2977 2153 3023 ver-

121 3054 280 3143 „Missis
292 3059 468 3127 conducat
484 3061 697 3149 suspendere
715 3083 756 3127 ac
774 3058 917 3127 differre
941 3059 985 3126 ad
1004 3056 1120 3150 Syno-
1162 3059 1217 3128 his
1233 3082 1379 3143 coenae,
1405 3061 1448 3128 de
1465 3059 1655 3144 sacrificio,
1681 3062 1725 3128 de
1741 3059 1988 3150 adplicatione.
2214 3061 2219 3076 ¹

120 3156 261 3245 „dum‚
284 3171 318 3227 et
333 3158 477 3228 interim
492 3160 671 3228 neminem
685 3162 730 3229 ad
744 3159 900 3251 priv'atas
917 3157 1045 3227 Missas
1059 3183 1120 3226 co·
1263 3156 1322 3228 Ad
1351 3157 1720 3231 haecacceditetiam
1746 3158 1985 3231 controversia
2015 3156 2151 3229 deuse
2203 3178 2205 3185 '

121 3280 260 3349 „gere,
284 3260 491 3351 praesertim
508 3285 589 3329 curn
605 3284 671 3330 nec
693 3274 794 3331 vetus
805 3256 963 3330 Ecclesia
984 3255 1121 3328 habue-
1162 3257 1352 3358 utriusque
1380 3259 1519 3357 speciei.
1576 3259 1629 3332 Ea
1650 3286 1707 3331 res
1727 3262 1835 3332 etiam
1855 3273 1958 3328 antea
1990 3255 2152 3326 excitavit

120 3360 206 3448 „rit
226 3361 382 3452 privatas
397 3360 543 3447 Missas,
577 3363 673 3432 etin
700 3360 832 3452 graecis
863 3356 1041 3454 parochiis
1074 3383 1119 3429 ne
1161 3385 1307 3451 magnos
1321 3376 1438 3433 motus
1455 3363 1494 3432 in
1509 3359 1684 3450 Ecclesia,
1708 3364 1793 3456 quia
1812 3385 1893 3432 cum
1913 3358 2066 3430 audiunt
2085 3356 2151 3449 pii,

120 3485 254 3549 „nunc
269 3462 414 3555 quidem
432 3463 504 3533 sint
518 3464 677 3554 privatae
693 3462 833 3536 Missae.
883 3463 975 3534 Nam
993 3486 1120 3531 mona·
1162 3466 1256 3556 quod
1273 3460 1408 3535 Christi
1430 3464 1607 3535 institutio
1632 3467 1696 3551 sit,
1729 3479 1770 3537 ut
1790 3475 1951 3534 sumatur
1975 3461 2152 3549 integrum

123 3562 263 3651 „steria
288 3563 434 3635 fortasse
462 3564 611 3635 latinam
644 3565 937 3643 consuetudinem
975 3564 1120 3634 imiton-
1161 3581 1438 3651 sacramentum,
1468 3579 1503 3636 et
1527 3568 1624 3659 quod
1644 3561 1713 3638 hoc
1735 3567 1783 3638 ita
1806 3567 2029 3635 observatum
2046 3560 2092 3632 sit
2111 3560 2150 3631 in

121 3660 308 3759 ,etur2'¹⁰).
1102 3700 1108 3714 ,
1160 3667 1273 3737 veteri
1288 3664 1464 3749 Ecclesia,
1490 3667 1648 3739 iudicant
1665 3667 1982 3758 obtemperandum
1999 3685 2073 3733 esse
2091 3660 2150 3729 in-

123 3798 130 3811 ·
149 3800 152 3805 ·
228 3762 283 3835 De
299 3778 448 3859 utraque
461 3768 573 3859 specie
589 3769 798 3840 sacramenti
807 3763 845 3865 ¹¹)
858 3768 1018 3839 videmus
1034 3767 1119 3837 sub-
1160 3756 1841 3858 stitutioniChristietveterisEcclesiae
1852 3765 2022 3855 exemplo.
2035 3754 2150 3855 ΕΝ)

86 3871 89 3874 ”
123 3866 212 3937 inde
224 3868 398 3938 tumultus
410 3883 597 3939 renovatos
608 3894 692 3945 esse.
718 3869 888 3941 Moretur
898 3870 1118 3961 enimpopu-
1160 3872 1527 3964 quamvisquaeritur
1545 3874 1720 3943 excusatio
1734 3873 1778 3940 de
1793 3893 1861 3940 usu
1882 3867 1989 3936 unius
2011 3862 2151 3956 speciei,

110 3968 195 4051 lus,
210 3992 291 4038 cum
306 3968 477 4056 allegatur
493 3968 813 4045 institutioChristi
828 3988 863 4043 et
876 3985 1011 4042 veteres
1027 3970 1117 4040 ritus
1158 3984 1277 4040 tamen
1301 3973 1536 4043 conscientiae
1561 3974 1755 4064 ambigunt.
1813 3969 1903 4040 ldeo'
1921 3963 2150 4038 ,consultissi-

124 4064 316 4142 Ecclesise.
345 4065 601 4143 Etutmaxirne
611 4089 801 4168 quaeratur
809 4075 927 4167 aliqua
941 4071 1117 4142 excusatio
1158 4097 1256 4142 mum
1272 4087 1378 4159 esset,
1403 4089 1444 4144 ut
1459 4071 1622 4143 Pontifex
1638 4077 1778 4146 tolleret
1795 4067 2077 4164 prohibitionem
2091 4065 2150 4136 in·

123 4169 305 4243 utentium
316 4195 389 4241 uua
404 4173 536 4263 specie,
558 4188 677 4245 tamm
696 4200 771 4245 non
794 4176 963 4245 desinunt
985 4173 1040 4242 illi
1059 4187 1118 4243 tu·
1159 4173 1249 4262 tegri
1264 4173 1500 4260 sacramenti,
1532 4189 1567 4246 et
1588 4177 1834 4259 constitueret,
1865 4198 1910 4242 ne
1934 4173 2043 4243 altera
2066 4191 2149 4260 pars

123 4271 280 4358 multum
314 4287 349 4343 et
370 4273 409 4341 in
429 4268 486 4342 his
510 4277 721 4348 tumultibus
751 4277 856 4374 etiam
885 4274 1117 4346 conscientiae
1159 4274 1307 4344 alteram
1339 4278 1542 4362 damnaret,
1576 4279 1688 4348 donec
1719 4275 1855 4347 erudiri
1875 4270 2032 4344 Ecclesia
2064 4292 2149 4361 pos·

123 4372 330 4467 aliquorum
346 4375 603 4466 periclitantur.
655 4377 768 4448 Porro
783 4379 888 4449 facile
903 4377 1040 4446 mederi
1060 4370 1117 4444 his
1159 4370 1259 4470 sct⁹),
1274 4373 1784 4476 etintegerususresrituiffl).
1804 4370 2148 4448 Huiusceremoniae

124 4474 364 4546 incommodis
384 4474 548 4547 Pontifex
571 4479 646 4548 sine
660 4479 873 4551 detrimento
887 4474 1014 4574 ullo¹²)
1035 4499 1117 4569 pos·
1158 4500 1294 4548 summa
1310 4503 1383 4548 esse
1405 4480 1583 4550 veneratio
1610 4483 1731 4570 debet,
1760 4480 1841 4549 ideo
1865 4477 2016 4547 maxime
2039 4473 2149 4569 prod-

125 4589 196 4661 set,
234 4578 284 4663 si,
324 4578 461 4647 sublata
485 4575 751 4671 prohibitione,
776 4582 992 4675 relinqueret
1010 4600 1115 4649 usum
1159 4591 1247 4649 esset
1262 4581 1456 4651 reverentia
1473 4582 1511 4651 in
1533 4586 1715 4653 tractando
1738 4593 1975 4664 sacramento,
2000 4589 2034 4646 et
2056 4575 2149 4644 libe·

123 4675 299 4766 lihemm,
331 4693 365 4748 et
376 4682 622 4769 constitueret,
649 4686 699 4752 ‘ne
714 4707 783 4777 qua
798 4707 879 4775 pars
892 4683 1035 4752 alteram
1051 4681 1117 4751 da·
1157 4681 1232 4750 rari
1264 4682 1496 4753 conscientias
1521 4686 1714 4775 scmpulis,
1749 4696 1784 4754 et
1815 4678 1883 4752 hae
1907 4704 1963 4750 res
1984 4691 2148 4748 externae

124 4791 276 4853 moeret.
325 4776 423 4850 Haec
445 4781 588 4853 libertas
601 4782 798 4875 plurimum
814 4786 859 4855 ad
875 4782 1116 4877 tranquillita·
1156 4781 1323 4874 privatim
1338 4783 1418 4874 plus
1430 4785 1676 4876 scrupulorum
1693 4801 1727 4858 et
1748 4785 1888 4877 publice
1910 4783 1989 4873 plus
2011 4777 2149 4848 dissen-

124 4892 200 4950 tem
220 4882 451 4968 conduceret,
476 4899 511 4956 et
534 4880 627 4957 nihil
647 4897 792 4963 noceret
813 4887 882 4959 ulli
905 4883 1025 4976 generi
1046 4878 1116 4955 lto·
1157 4883 1299 4954 sionum
1320 4885 1475 4976 pariunt.
1534 4883 1630 4955 Haec
1653 4887 1879 4959 incommoda
1898 4882 2000 4955 facile
2023 4900 2151 4983 sanare

123 4980 278 5053 minum.
328 4977 474 5054 Et‘tota
489 4981 582 5056 haec
607 5011 663 5056 res
677 5002 735 5059 est
748 4984 913 5058 Pontifici
927 4987 973 5057 in
993 5006 1115 5066 manu,
1157 5011 1379 5030 ····--··

588 5096 591 5101 ·
689 5107 694 5120 .
961 5117 965 5128 ·
1192 5065 1811 5204 caussasse“em

160 5232 208 5301 10)
223 5231 332 5288 Desinit
342 5231 389 5288 hie
399 5232 476 5289 locus
490 5225 533 5305 ap.
547 5234 639 5293 Sehv.
650 5238 867 5310 praetermissus·
988 5198 990 5205 ¹
1179 5192 1409 5343 ·„)c1}{¹03,⁰,',¹,¹3
1420 5204 1511 5331 iffi·
1529 5215 1557 5261 θ’
1568 5223 1633 5263 '¹⁰⁸'

157 5314 529 5392 “iwannum
541 5325 661 5382 werse·
946 5356 949 5371 ·
1196 5310 1705 5413 senonensem,

160 5400 208 5470 12)
223 5398 315 5458 Schts.
325 5402 385 5456 uffo
394 5405 488 5459 modo.
1049 5426 1056 5439 ·
1193 5412 1260 5480 Μ)
1278 5409 1540 5471 colun-eomitat-
