4522 5760
95 222 169 299 829
672 206 1105 293 EPISTOLARUM
1159 209 1265 291 uto.
1301 212 1365 291 Vl.
1419 212 1548 293 idib.
2052 226 2130 299 680

95 393 239 467 decrevi
254 392 331 463 Deo
347 392 490 462 volente
503 412 579 460 cras
592 388 749 481 incipere
762 390 1089 480 interpretationem
1141 386 1236 455 enim
1251 410 1361 456 manu
1375 384 1496 457 iubam
1515 400 1724 475 contrectat,
1749 392 1859 463 altera
1874 404 1974 463 tenet
1991 396 2128 485 pedem,

94 498 271 567 secundae
297 488 556 588 Olynthiacae,
587 504 623 561 et
650 504 780 561 certam
809 486 924 559 habeo
946 491 1087 560 consilii
1140 512 1244 582 (prem
1267 489 1298 557 ei
1320 488 1376 558 leo
1399 489 1548 579 porrigit
1567 490 1665 562 velut
1685 495 1851 565 salutans.
1901 492 1998 563 llaec
2018 518 2125 565 mon-

94 605 248 681 causa'm,
272 618 337 665 cur
345 596 395 665 ab
409 594 471 663 illa
484 592 742 663 exordiendum
751 592 926 661 duxerim.
962 591 1087 679 Quan-
1138 600 1209 659 stra
1233 602 1359 679 pemnt
1384 588 1558 683 aquilam,
1583 614 1673 685 quae
1694 616 1768 663 uno
1789 596 1878 685 pede
1897 592 2029 665 insistit
2049 598 2125 679 col:

94 722 203 795 quatu
224 694 341 767 autem
362 720 437 765 non
459 696 607 785 ignoro,
637 693 758 789 qualia
780 694 867 763 liant
888 692 1020 763 iudicia
1041 693 1086 762 de
1139 691 1225 772 lem,
1262 691 1374 758 altero
1399 692 1488 782 petit
1511 692 1670 763 vicinum
1696 696 1841 779 collem,
1878 716 1944 764 nec
1970 696 2121 787 attingit.

94 780 169 873 toto
184 778 255 869 hoc
269 811 397 888 genere
412 795 613 867 studiorum
629 793 779 867 Latinae
793 806 828 865 et
842 790 1000 863 Graecae
1009 794 1086 863 lin·
1137 788 1259 883 Neque
1285 804 1398 882 potest
1418 808 1493 861 esse
1513 794 1684 895 dubium,
1715 797 1805 891 quin
1818 792 1983 865 Ca'melus
2004 820 2123 891 respe-

94 912 349 993 goee,²·tam'cn
371 916 474 990 spero
500 896 680 990 aliquibus
702 911 860 966 nostram
880 918 1024 985 operam
1044 896 1085 963 in
1137 906 1234 962 ctans
1247 892 1366 981 fugam
1374 890 1562 963 Turcicam
1576 894 1757 985 sigttilicet,
1772 886 2124 988 Lupusllungarum,

94 1000 370 1093 hae‘re'gtatam
390 1002 483 1073 lore.
533 996 643 1086 Quod
664 997 694 1065 si
708 992 802 1067 haec
824 1010 945 1065 nostra
967 997 1083 1069 studia
1135 990 1221 1078 Leo,
1238 988 1429 1077 aleriensi,
1454 988 1624 1087 σημαίνει
1637 992 2035 1091 coreno-svidero,
2058 996 2123 1071 καὶ

94 1114 176 1175 rere
194 1114 279 1173 suut
293 1102 441 1171 vis-uuis
460 1101 598 1184 studia,
627 1098 893 1168 meminerimus
916 1119 957 1167 ea
979 1116 1084 1191 expe-
1135 1088 1433 1188 ὅκατᾶφρακτος
1447 1092 1472 1188 ἢ
1484 1092 1708 1179 Ἑλουετίους
1720 1094 1744 1192 ἢ
1757 1096 1907 1179 Boione.

93 1206 201 1280 tenda
220 1216 326 1296 atque
346 1204 494 1271 colenda
518 1222 592 1271 esse
617 1212 764 1291 propter
790 1199 1017 1289 dignitatem,
1049 1214 1083 1270 ct
1173 1284 1176 1289 Ι
1235 1193 1289 1264 De
1315 1191 1460 1265 Sereelo
1483 1220 1584 1287 rogas
1611 1200 1699 1292 quid
1722 1200 1881 1269 sentiam.
1937 1196 2015 1289 Ego
2035 1225 2120 1271 vem

93 1282 334 1379 edhiberdam
355 1320 432 1373 esse
450 1303 704 1384 codsmntiam,
728 1326 769 1369 ac
789 1300 996 1391 patientiam
1018 1302 1083 1369 ad-
1133 1296 1237 1366 video
1256 1298 1340 1365 satis
1360 1311 1503 1367 actatum
1522 1322 1562 1367 ac
1583 1300 1721 1370 vafrum
1745 1320 1819 1370 csse
1840 1303 1878 1370 in
1898 1301 2123 1397 disputando,

93 1406 418 1495 ffl3.33·oe‚fium
434 1405 659 1501 quorundam
678 1414 713 1471 et
734 1402 966 1469 barbarorum
988 1401 1083 1469 iudi·
1134 1400 1194 1466 se'd
1209 1394 1313 1489 plane
1329 1398 1535 1487 pravitatem
1551 1400 1585 1469 ei
1599 1418 1673 1471 non
1687 1402 1818 1473 tribuo.
1868 1398 1918 1473 Et
1930 1398 2054 1489 habet,
2079 1420 2122 1476 ut
2146 1422 2160 1433 '

93 1510 156 1583 cia.
206 1506 316 1577 Nulla
329 1507 426 1575 enim'
442 1504 646 1576 virtue'siue
662 1503 871 1573 fortitudine
886 1501 957 1571 coli
972 1516 1084 1572 aere-
1132 1494 1222 1565 mihi
1240 1498 1406 1583 ²uldetur,
1439 1502 1602 1571 confusas
1627 1502 1912 1593 imaginationes,
1944 1505 2121 1577 noceatis

93 1610 340 1700 fiueripotest.
389 1605 488 1677 Bene
502 1606 599 1679 eale,-
644 1599 755 1677 ibbb.
849 1646 852 1651 ·
1134 1597 1452 1690 explicatasearum
1467 1618 1603 1683 rerum,
1628 1626 1715 1697 quas
1730 1606 1853 1696 agitat,
1879 1606 2119 1695 cogitationes.

166 1762 170 1775 ,
338 1784 341 1789 ¹
376 1758 395 1775 „
1132 1696 1187 1769 De
1202 1701 1445 1773 iustificatione
1459 1704 1644 1775 manifeste
1659 1704 1798 1781 delirat.
1842 1702 1925 1801 rupi
1939 1704 2119 1805 τῆςτριά-

92 1812 1073 1859 ..qm—ffl-
1131 1796 1197 1880 δος
1222 1800 1289 1871 scis
1311 1824 1368 1871 me
1389 1826 1534 1895 semper·
1548 1806 1699 1875 veritum
1728 1830 1819 1892 esse,
1857 1810 1934 1879 loce
1963 1822 2004 1879 ut
2032 1808 2120 1883 haec

295 1972 301 1981 ¹
483 1938 501 1973 η
544 1968 550 1977 ,
589 1962 593 1969 ,
971 1960 1032 2023 Fb
1132 1902 1324 1997 aliquando
1348 1918 1582 1995 erumperent.
1637 1904 1738 1979 Bone
1757 1908 1873 1993 Deus,
1903 1909 2025 2001 quales
2047 1926 2120 1981 tra-

92 1960 302 2109 wt,
321 2070 334 2093 ,Ι
373 2086 376 2091 ¹
588 2072 597 2089 Ι,
650 2064 654 2077 ,
898 1970 1071 2085 ω
1131 2002 1274 2092 gordias
1301 2004 1466 2076 excitabit
1496 2001 1583 2076 haee
1606 2002 1764 2103 quaestio
1797 2012 1841 2079 atl
1874 2025 2050 2101 posteros,
2087 2016 2121 2083 si
2163 2058 2167 2065 -

106 2084 335 2109 --*·-·'·¹⁵···
519 2100 522 2105 ·
579 2092 592 2105 ··
1196 2096 1225 2127 s·-
1270 2096 1340 2127 nr
1395 2120 1400 2127 .
1753 2106 1807 2133 ,κ
1917 2104 1926 2131 e
2103 2110 2114 2139 c

268 2254 271 2265 ,
291 2195 309 2263 2
362 2136 805 2233 lo
1010 2257 1014 2267 .
1130 2100 2120 2305 scaenae-oo,leucam:

158 2318 248 2391 Epio.
264 2318 297 2371 ut
312 2296 455 2371 canoni.
469 2310 500 2387 p:
512 2314 641 2387 msqq.
741 2340 745 2345 ·
762 2300 781 2365 ι’·
1131 2325 1226 2398 quoe·
1234 2306 1360 2375 iubent
1377 2309 1540 2379 invocare
1554 2307 1756 2395 Christum,
1783 2316 1880 2405 quod
1900 2326 1972 2401 est,
1997 2318 2030 2385 ei
2051 2312 2120 2387 ho-

1132 2426 1255 2476 norem
1270 2408 1467 2478 divinitatis
1485 2411 1657 2498 tribuere,
1683 2426 1717 2481 et
1738 2414 1884 2504 plenum
1905 2418 2119 2491 consolatio-

1132 2502 1263 2579 uis'est.
1313 2502 1551 2590 rdcdilde‘ec
1569 2506 1926 2601 ruivbnooecioewr,
1952 2516 2015 2589 καὶ
2033 2514 2117 2591 dtu·

91 2664 147 2699 ,ψ
183 2662 199 2693 Ι.
1000 2668 1029 2699 ,Ι
1064 2672 1068 2679 ,
1131 2602 1252 2705 φορᾶς
1267 2604 1431 2703 ἀκριβῶς
1446 2606 1567 2705 ζητεῖν
1573 2630 1586 2698 ,·
1612 2606 1772 2687 υὺπάνυ
1791 2612 1981 2713 συμφέρει.
2022 2620 2116 2691 Illud

91 2684 199 2805 SJJD.
227 2706 429 2803 ,Herituas
443 2708 579 2783 litteras
596 2711 714 2801 accepi
728 2710 851 2801 plenas
863 2734 985 2781 rerum
999 2710 1080 2801 plu·
1130 2726 1187 2779 me
1207 2712 1357 2801 pessime
1379 2706 1502 2797 habet,
1526 2723 1606 2783 culn
1631 2712 1773 2790 eaedem
1793 2733 1855 2791 res
1869 2720 2023 2807 'agitatae
2045 2722 2118 2791 siut

91 2816 290 2905 rimarum·
325 2810 395 2883 seo
408 2810 499 2887 illud
515 2811 795 2883 sellun-clarius
809 2836 882 2881 esse
896 2812 1080 2903 scripturo,
1130 2808 1280 2881 aPaulo
1300 2808 1552 2899 Samosateno,·
1584 2813 1679 2889 nihil
1703 2822 1835 2905 extare,
1867 2838 2006 2911 praeter
2025 2822 2117 2893 levia

91 2940 135 2999 su
148 2916 415 3005 omniuoputcs
424 2923 510 3005 post
527 2912 718 2984 discessum
730 2909 888 2981 Eobaoi
905 2914 1079 3006 reliquam
1129 2906 1302 3005 uriaedam
1319 2917 1414 3005 aperd
1426 2908 1689 3015 Epiphanium,
1713 2924 1809 2989 unde
1824 2916 1975 3015 intelligi
1997 2926 2119 3030 possit,

91 2998 342 3107 mauselanum
357 3028 723 3087 conservaturoscssc.
774 3014 866 3085 Nam
885 3038 1000 3107 neque
1014 3038 1077 3103 ego
1129 3012 1216 3105 quid
1240 3012 1432 3083 iudicarint
1458 3018 1588 3109 quidve
1612 3020 1721 3090 secuti
1742 3022 1814 3091 sint
1842 3017 1900 3107 hi,
1943 3027 2116 3119 quicum

90 3100 195 3209 ipiuc'
210 3131 253 3201 -te
268 3115 385 3205 -voliup
402 3114 641 3203 aa·ellere,..si
659 3140 727 3207 qua
749 3115 938 3187 mediocris
969 3118 1078 3199 iuerit
1129 3115 1356 3183 damnarunt·
1404 3110 1541 3185 Mirum
1563 3118 1603 3187 in
1623 3110 1769 3190 modum
1789 3124 1944 3211 crucior,
1969 3151 2049 3197 cum
2071 3128 2117 3195 il-

90 3200 260 3306 mncridi
281 3216 397 3290 ratio..
431 3210 512 3287 Etsi
531 3214 631 3284 enim
649 3216 716 3289 ista
737 3230 850 3287 vestra
873 3210 994 3287 schola
1012 3240 1077 3309 pa-
1128 3216 1198 3283 lam
1222 3228 1256 3283 et
1278 3228 1436 3284 veterum
1459 3230 1504 3287 'et
1532 3232 1673 3291 nostrae
1701 3222 2029 3319 aetatis-iepnpzoiv
2053 3251 2116 3297 ne-

90 3346 170 3413 rurp
194 3322 364 3413 spequens
383 3316 458 3389 uisa
471 3328 547 3406 est,
568 3328 688 3387 tamen
707 3317 942 3391 ammadverti
961 3318 1076 3410 pluri·
1127 3317 1330 3405 gligcntiam
1346 3330 1450 3409 atque
1467 3318 1640 3389 incuriam
1662 3314 1859 3395 considero:
1885 3334 1890 3343 '
1912 3326 2010 3417 Quid
2034 3349 2116 3397 cen-

90 3406 523 3513 mos,optime‚iustitutos
543 3418 686 3505 euobis
707 3412 777 3489 huc
795 3419 949 3503 venisse,
980 3421 1076 3511 quod
1127 3440 1180 3515 ses
1196 3412 1396 3486 Concilium
1412 3418 1503 3503 lore,
1534 3422 1564 3489 si
1584 3436 1701 3492 tamen
1725 3426 1929 3513 conveniet,
1957 3430 2026 3497 uisi
2051 3454 2111 3501 τυ-

90 3548 128 3600 ω
144 3522 254 3611 gdioo,
277 3520 488 3613 quominus
507 3530 542 3591 te
563 3534 709 3593 navatae
729 3514 837 3589 buius
848 3544 975 3611 operae
990 3544 1074 3613 poe·
1128 3512 1306 3611 pauida,
1343 3532 1405 3587 aut
1425 3516 1631 3609 pontificum
1659 3516 1719 3596 au't¹
1742 3520 1916 3615 otiorum,
1947 3522 2116 3625 ἢμᾶχας

90 3608 211 3715 niteat.
260 3622 326 3692 Sin
343 3619 653 3695 autemdimissuri
671 3643 733 3689 vos
747 3646 888 3715 quoque
909 3622 1076 3691 videren-
1125 3622 1204 3691 τῶν
1222 3610 1416 3716 θεολόγων
1429 3618 1680 3717 κενταυρικάς.
1707 3626 1823 3716 ¹Quis
1842 3632 1935 3699 euim
1952 3628 2019 3703 hoc
2034 3633 2116 3723 ogit,

90 3740 167 3815 tur,
190 3736 350 3807 nectua
371 3720 502 3789 nostris
525 3714 749 3805 abhorreres,
775 3723 898 3812 putavi
918 3748 974 3791 mc
998 3724 1075 3815 iure
1126 3720 1397 3790 ucatutuuntes
1428 3724 1663 3819 conscientiae
1696 3742 1881 3813 sanentur,
1918 3748 1957 3803 ut
1987 3735 2115 3803 veritas

89 3806 239 3913 nostrae,
249 3822 424 3893 amicitiae
449 3824 492 3889 de
515 3845 554 3889 ea
577 3844 614 3891 re
640 3824 796 3915 aliquam
827 3824 1075 3913 cogitationem
1127 3826 1271 3889 eruatu'r
1291 3845 1309 3889 e
1333 3824 1505 3910 tenebris,
1521 3824 1572 3894 ¹ut
1595 3824 1708 3916 gloria
1722 3828 1789 3897 Del
1808 3830 2027 3903 illustretur?
2051 3840 2111 3903 sed

89 3910 263 4017 suscipere
278 3925 417 3997 debere.
468 3922 576 4011 Quod
590 3922 686 3991 euim
700 3926 802 3993 iubes
824 3950 879 3993 me
899 3920 992 3994 linire
1012 3950 1075 3995 cu-
1125 3946 1228 4013 spero
1252 3946 1318 3991 uos
1338 3924 1382 3991 dc
1405 3918 1461 3991 his
1482 3926 1586 3995 rebus
1608 3928 1709 3999 brevi
1732 3954 1849 3999 coram
1879 3935 2114 4007 collocuturos

89 4054 162 4103 sam
181 4030 379 4119 ¹deponere,
409 4046 485 4093 non
509 4025 683 4113 prolecto,
718 4026 748 4093 si
773 4026 898 4117 velim,
935 4050 1074 4119 queam.
1126 4046 1210 4096 esse.
1260 4020 1410 4092 Decrevi
1427 4023 1523 4093 eninr
1539 4022 1606 4097 hoc
1628 4034 1711 4099 vere
1734 4030 1778 4099 ad
1801 4045 1834 4101 te
1856 4036 2059 4127 exspatiari,
2083 4042 2111 4106 si

89 4106 194 4203 totid
215 4121 291 4225 γὰρ
314 4124 386 4217 ἄχη
406 4129 485 4195 τῶν
501 4118 634 4218 φίλων.
685 4124 803 4195 Velim
822 4128 929 4216 igitur
943 4140 979 4195 te
993 4152 1075 4197 rur-
1126 4126 1199 4194 ullo
1218 4124 1323 4193 modo
1340 4124 1472 4197 licebit.

89 4256 145 4302 sus
167 4230 267 4299 etde
289 4228 433 4297 illorum
453 4224 618 4309 consilio,
650 4224 682 4293 si
703 4228 790 4318 quid
814 4222 941 4311 habes,
974 4230 1073 4297 etde
1226 4218 1434 4317 Micyllom
1450 4224 1849 4305 Francolordiaeadbuc
1864 4258 1936 4307 csse
1949 4240 2113 4313 arbitror.

89 4348 145 4404 tua
167 4330 349 4398 voluntate
379 4327 551 4409 scribere,
584 4349 688 4417 quam
718 4328 748 4394 si
778 4328 903 4410 sciam,
937 4318 1074 4397 la'cilius
1128 4320 1236 4394 Volui
1275 4350 1356 4395 eum
1378 4318 1596 4419 Edelbergae
1633 4332 1822 4419 collocare,
1862 4352 1897 4407 et
1937 4340 2112 4435 principio

89 4432 259 4523 explicare
280 4456 319 4499 ea
346 4428 496 4517 possim,
535 4450 623 4519 quiae
653 4428 691 4494 in
721 4444 906 4521 utramque
940 4445 1074 4519 purtem
1126 4438 1318 4495 amantera
1340 4428 1428 4496 meis
1447 4428 1584 4499 civibus
1601 4449 1843 4527 exceptusest,
1866 4453 1900 4509 ct
1923 4441 2013 4512 bene
2033 4466 2113 4535 spe-

88 4514 391 4603 raihiveniuntin
404 4542 568 4597 mentem.
610 4524 691 4597 Non
708 4554 831 4619 parum
847 4531 951 4599 etium
967 4524 1074 4598 huius
1128 4528 1343 4599 rareiussus.
1393 4524 1461 4599 Sed
1478 4530 1551 4620 ipse
1571 4535 1657 4601 dum
1682 4560 1763 4605 mox
1788 4538 1920 4629 flagitat
1943 4542 2110 4634 stipendii

88 4634 356 4705 snuiautcerte
376 4630 528 4720 proximi
552 4629 795 4719 impendentes
818 4646 934 4700 motus
955 4632 1073 4704 timeo.
1125 4626 1379 4731 accessionem,
1415 4626 1582 4700 nonnihil
1604 4634 1789 4726 impedivit
1821 4664 1896 4708 eam
1924 4644 2108 4716 actionem.

88 4734 196 4825 Vides
224 4732 320 4813 euim
341 4744 513 4825 quantum
535 4730 667 4822 ubique
687 4732 951 4823 prodigiorum,
984 4755 1072 4825 quae
1124 4728 1227 4797 Nunc
1245 4752 1366 4797 rursus
1381 4731 1534 4801 venitin
1547 4758 1643 4823 spem
1657 4746 2111 4831 solisequendaecouditio-

88 4820 394 4907 concursationes?
433 4822 662 4927 φαινόμενον
701 4828 791 4900 mihi
830 4831 977 4900 missum
1010 4846 1072 4916 est,
1125 4830 1180 4897 nis
1203 4826 1494 4919 Edelbergcnsis,
1527 4837 1586 4903 sed
1608 4836 1639 4903 si
1661 4842 1791 4929 poterit
1815 4846 1909 4933 opud
1939 4870 2000 4915 vos
2026 4871 2110 4933 esse,

88 4938 178 5033 {uod
205 4948 433 5027 conspectum
454 4948 506 5004 est
535 4934 579 5009 ad
599 4922 850 5029 Oencpontem.
907 4930 1072 5004 Comelus
1123 4926 1219 5001 haud
1253 4932 1562 5021 dubiepraeseret
1591 4938 1716 5007 urbem
1746 4954 1780 5010 et
1809 4947 2011 5035 sodalitium
2043 4925 2111 5021 hoc

88 5020 309 5111 :inundatus
330 5032 471 5105 flamma
494 5046 529 5103 et
548 5034 692 5129 quidem
706 5048 925 5125 respectans,
948 5032 1071 5123 Lupus
1123 5033 1289 5101 omnibus
1306 5029 1447 5107 scholis.
1498 5031 1671 5109 Invitatus
1686 5054 1737 5111 est
1749 5044 1844 5115 enim
1859 5060 1891 5114 ct
1907 5072 1925 5116 a
1943 5048 2111 5142 Morpur-
2198 5128 2203 5139 ,

87 5152 281 5233 respectans
311 5160 351 5209 ac
380 5160 525 5205 vomens
558 5136 747 5207 llammom.
807 5134 881 5204 Leo
904 5134 1071 5225 prodiens
1121 5135 1298 5221 gensibus.

87 5254 177 5313 extra
191 5238 370 5309 montium
384 5236 513 5321 lauces,
536 5260 639 5329 quem
657 5236 785 5327 inipso
801 5238 900 5305 aditu
914 5234 1069 5304 saucium
1128 5284 1361 5305 ..........

87 5356 175 5415 statis
189 5334 436 5433 cataphractus
448 5338 547 5431 (prasi
562 5336 752 5408 blandiens
768 5336 907 5430 excipit.
947 5333 1070 5407 altura
1155 5362 1184 5427 a)
1202 5356 1405 5426 landgravius
1424 5356 1454 5412 c.
1471 5358 1531 5416 W.

93 2468 190 2571 Vico
216 2456 625 2573 optinio'loaehiuto
656 2458 929 2563 Comirario
959 2464 1080 2575 Rufi.

115 2564 161 2601 '⁰²
362 2660 407 2675 Η
469 2569 676 2667 bergensi,
825 2574 828 2581 '
