4522 5760
116 236 195 317 sor
606 313 609 317 ,
692 208 1378 304 marmoreamve
1432 208 1588 327 sose),
2069 212 2141 293 sss

117 412 205 496 tuis,
236 408 332 504 quod
367 428 448 477 cum
477 381 645 495 accipies,
673 395 761 473 haec
779 380 856 493 ipsa
883 360 1106 480 laihaim,
1151 390 1359 489 collegimus
1372 374 1578 485 Milicdius
1594 405 1628 463 et
1645 413 1727 483 ego,
1746 391 1814 463 'sed
1828 384 2145 515 utintellipass'tn

117 536 208 607 quae
233 508 393 581 omnium
421 496 619 577 officiorum
633 500 853 574 'aestimatrix
869 513 921 572 est
935 497 1107 594 aequissi-
1155 493 1256 565 dium
1270 507 1459 583 nostrum..
1486 560 1559 591 =.·=-.-
1584 566 1595 597 ι
1639 574 1656 597 -.
1684 574 1706 599 εἰ
1805 588 1808 593 ¹
1855 564 1859 587 ζ
1919 548 1920 552 ,
2014 560 2057 585 Ι,

116 637 194 698 ma,
218 608 438 693 hortabitur,
474 618 681 688 ut-,nosae
703 605 978 699 studia-,nostra
992 599 1106 699 ‚vicis-
1247 594 1573 687 -Depacihcatione
1592 586 1878 695 Sucinforle'issi'
1898 586 1996 663 nihil
2011 586 2143 681 'habeo

118 715 183 783 sim
201 728 261 784 tua
277 711 499 795 auctoritate,
521 710 700 802 quantine
716 706 877 798 phteristl
889 701 1104 776 tuerivelis.
1155 698 1252 791 quod
1271 699 1444 782 scribam,
1471 713 1504 769 et
1526 711 1566 767 tu
1588 694 1828 780 hauddubie,
1851 694 2065 788 priusquam
2083 689 2142 765 hae

118 814 214 887 Bene
231 815 320 889 vale.
372 884 375 889 ,
452 886 458 893 ,
553 889 555 893 ,
642 860 649 879 .-
1079 872 1093 895 ,ἢ
1155 800 1337 870 literaead
1352 813 1387 871 te
1401 800 1628 891 pervenient,
1643 798 1798 869 cestim
1817 797 1930 871 scies..
1943 795 2141 890 ..Principis

287 918 290 925 '
591 902 596 919 ''
821 922 824 927 ·
1026 901 1039 907 ”
1079 878 1124 951 ..³¹
1155 897 1272 973 adhuc
1295 902 1457 991 exiguam
1480 925 1578 994 spem
1604 900 1698 992 pacis
1725 900 1929 971 ostendunt.
1991 895 2138 987 Quidam

828 1002 832 1009 ’
1121 1014 1124 1089 ζ
1156 1004 1319 1073 nondum
1335 1017 1473 1088 assunt,
1497 1017 1540 1073 ut
1559 1026 1622 1093 ego
1646 1001 1790 1095 quidem
1816 1000 2049 1092 interpretor,
2075 1022 2135 1095 quo

1155 1105 1316 1174 absentes
1335 1105 1474 1181 facilius
1496 1104 1656 1176 cavillari
1676 1116 1782 1197 atque
1803 1116 1961 1173 evertere
1974 1113 2051 1170 acta
2066 1098 2134 1191 pos-

125 1262 295 1294 „
607 1272 613 1283 .,
729 1260 1098 1305 Μ
1155 1205 1245 1291 sint,
1276 1206 1337 1275 sed
1360 1219 1432 1277 tota
1457 1230 1514 1276 res
1540 1219 1592 1276 est
1611 1218 1652 1275 ut
1672 1205 1773 1274 vides
1798 1200 1839 1275 ἐν
1856 1194 2021 1303 γούνασι
2043 1200 2133 1287 θεοῦ,

119 1350 123 1355 -
262 1330 266 1355 ⁵
365 1342 369 1349 ·
389 1317 532 1431 Ida-ch-
566 1332 920 1437 “samaim-arr·
945 1340 1091 1401 τι--ςιιιι
1155 1308 1919 1409 quemsperoexitumgubernaturumesse.
1971 1298 2133 1375 Etsivo-

214 1452 231 1460 ·-
321 1456 324 1461 -
469 1405 606 1463 ³·'-³-=·
684 1442 687 1449 ·
733 1432 736 1437 ·
796 1403 904 1475 9·;
1004 1418 1080 1479 ἰ--·
1155 1410 1290 1499 letnos
1309 1410 1444 1501 perire,
1481 1409 1748 1481 meminerimus
1768 1430 1835 1477 nos
1857 1416 2025 1501 oportere
2047 1403 2132 1505 uicti-

213 1520 340 1595 'Epist
357 1508 694 1591 summanalia.-
796 1535 802 1557 ··
1154 1534 1231 1581 mas
1243 1510 1331 1579 fieri.

530 1628 573 1635 ““
902 1600 918 1627 ”
1090 1626 1093 1631 ’
1176 1676 1179 1681 .
1251 1608 1308 1683 Ex
1322 1608 1434 1682 literis
1450 1606 1862 1703 quibusdamHelveticis
1875 1606 2050 1698 intelligo,
2073 1628 2132 1675 rna-

117 1674 365 1755 l⁰⁰⁶il⁸⁸m⁰
388 1669 967 1793 camisas-infambiri'msh
986 1675 1106 1747 99999990
1154 1732 1259 1801 gnam
1273 1712 1554 1804 desperationem
1568 1711 1731 1781 omnium
1743 1734 1861 1781 rerum
1883 1710 1924 1779 in
1938 1732 1979 1778 ea
2004 1707 2130 1781 natione

351 1802 421 1851 suo
444 1802 588 1863 summo
608 1771 853 1873 Norsdsrgas,
923 1856 927 1865 ,
1155 1836 1240 1888 esse·

115 1894 160 1985 S.
186 1913 233 1987 D.
265 1908 344 2003 ugo
357 1932 442 1982 vero
457 1936 532 1982 non
548 1911 729 2004 ooscripsi
742 1912 989 1993 verecundius,
1009 1912 1106 2005 quod
1254 1910 1358 1983 Hanc
1379 1913 1562 2006 epistolam
1583 1914 1667 1984 dedi
1689 1906 1855 1984 Gaurico
1877 1907 2132 1997 Mathematioo,

115 2017 173 2085 vel
196 2016 242 2085 de
265 2008 487 2085 humanitate
511 2014 569 2083 vel
592 2014 639 2083 de
659 2014 938 2086 constantiarua
961 2015 1106 2085 dubita-
1153 2015 1231 2113 uiro
1255 2018 1359 2086 docto
1381 2028 1416 2087 et
1437 2010 1715 2101 humanissimo,
1739 2036 1847 2111 quem
1869 2015 1981 2083 velim
2007 2027 2042 2085 te
2055 2012 2133 2085 ersi-

115 2140 208 2188 rem:
238 2117 300 2185 sed
315 2114 399 2208 quia
413 2114 536 2186 amieis
550 2117 754 2187 emerando·
769 2114 950 2200 uti-soleo,
975 2115 1105 2209 quippe
1153 2108 1236 2207 p'ere
1258 2142 1298 2187 ac
1321 2119 1475 2213 salutare
1494 2118 1726 2191 familiariter.
1783 2116 1883 2188 Solet
1901 2130 1938 2187 et
1953 2114 2133 2189 versiculos

116 2241 205 2311 quos
229 2230 379 2287 statuam
400 2210 493 2284 mihi
515 2216 657 2286 virtutis
690 2238 793 2287 causa
826 2216 996 2315 colendos
1021 2238 1105 2289 esse.
1152 2218 1283 2305 facere,
1315 2242 1425 2312 quare
1445 2214 1753 2290 Eobaninomen
1774 2216 1878 2287 valde
1895 2230 2011 2303 amat,
2040 2210 2133 2291 habet

116 2321 236 2411 Quare
251 2318 419 2411 quicquid
434 2318 525 2387 illud
540 2310 708 2402 est‚.non
725 2316 960 2387 enimomoia
980 2318 1106 2387 memi-
1153 2342 1271 2389 secum
1300 2322 1401 2421 duos
1416 2322 1581 2405 iuvenes,
1620 2320 1771 2390 alterurn
1789 2316 1956 2402 ·ltalum,
1997 2318 2133 2389 alterum

54 2414 62 2419 ’
113 2423 172 2506 ni,
196 2421 294 2514 quod
310 2418 350 2487 in
366 2415 437 2487 illis
451 2418 563 2488 literis
586 2432 621 2488 te
641 2418 810 2503 offendit,
832 2419 923 2489 boui
942 2419 1105 2489 consulas
1154 2417 1392 2508 Germanum,
1417 2422 1640 2492 doctissimos
1663 2422 1704 2493 in
1721 2416 1969 2505 Astronomia;
1995 2419 2065 2493 fuit
2083 2412 2134 2487 hie

113 2522 239 2604 velim,
265 2520 488 2612 iudicesque,
512 2520 709 2611 proiectum
722 2542 796 2591 esse
814 2520 861 2591 ab
883 2520 1004 2607 anano
1029 2544 1104 2591 non
1153 2523 1337 2593 nobiscum
1353 2536 1428 2595 toto
1445 2524 1648 2616 quatriduo.
1699 2520 1796 2593 Bene
1811 2521 1902 2591 vale.

114 2624 230 2692 solum
244 2622 377 2704 amico,
402 2621 464 2688 sed
478 2620 585 2690 ctiam
599 2614 794 2689 honorifice
806 2621 851 2689 de
865 2632 900 2691 te
915 2620 1103 2695 sentiente.
1767 2630 1774 2651 '
1890 2616 2092 2715 Philippus.

114 2722 237 2814 Neque
252 2742 316 2810 ego
330 2742 475 2812 possum
495 2720 630 2791 amicus
650 2743 723 2790 esse
746 2720 831 2806 ulli,
862 2723 908 2791 de
930 2747 1002 2814 quo
1026 2745 1103 2791 non

113 2824 228 2894 sentio
250 2817 460 2907 honorilice,
492 2822 555 2890 sed
574 2816 643 2891 hec
655 2822 987 2895 commemoratione
1008 2823 1103 2894 inter

112 2948 180 2995 nos
193 2912 286 2993 nihil
300 2924 492 2993 admodum
515 2942 605 3015 opus
628 2936 691 2994 est.
738 2918 842 2993 Nihil
863 2937 915 2995 est
938 2927 1036 3018 quod
1055 2924 1102 2995 li·
1149 2928 1346 3007 N0,1052.
1722 2932 2131 3017 (l'eradts.v0119.lllslt)
2168 2946 2170 2953 '

112 3027 208 3098 bello
224 3038 286 3097 tuo
302 3046 523 3109 succenseas,
547 3048 630 3094 nasu
646 3019 737 3097 mibi
752 3026 1008 3118 adexemplum
1019 3050 1102 3118 per·
1156 3028 1329 3061 Μ
1734 3030 2129 3068 Μ

112 3129 225 3200 tinere
245 3127 386 3197 videtur
408 3126 466 3196 edi
488 3120 556 3196 hoc
575 3125 937 3216 genus-scriptorum,
961 3140 1002 3199 ut
1016 3123 1101 3199 haec
1398 3123 1516 3207 Hier.
1538 3118 1905 3237 Battmgartnero.

113 3244 207 3301 aetas
221 3228 267 3299 ad
284 3222 531 3319 philosophiae
544 3226 661 3297 studia
671 3228 863 3312 invitetur,
888 3242 994 3322 atque
1009 3225 1102 3300 hanc
1260 3300 1268 3317 ‚
1358 3300 1365 3315 ,
1961 3300 1970 3317 ,

115 3334 227 3423 ipsam
250 3330 299 3399 ob
321 3344 461 3401 eausam
481 3329 634 3398 libenter
654 3328 770 3413 edidi,
795 3341 899 3423 teque
921 3326 1102 3416 adhortor,
1218 3300 1331 3425 Effl'
1338 3299 1612 3442 1i¹bp.hi.piiiiisu
1630 3298 2132 3453 ,ffffipssfu'lfflgffi‘ffi

113 3445 155 3503 ut
176 3431 333 3501 studium
356 3424 621 3522 philosophiae,
662 3429 702 3499 in
723 3430 819 3524 quod
842 3433 1021 3524 auspicato
1046 3432 1102 3501 in·
1253 3438 1483 3520 mangenasque
1501 3457 1549 3492 sua
1567 3456 1650 3494 manu
1668 3436 1829 3521 adspirsitt
1848 3439 1971 3521 „aaz
1986 3436 2131 3495 Mrem

114 3555 251 3624 gressus
268 3529 418 3615 aaa,
443 3530 579 3620 agae
593 3531 712 3601 ...a
728 3544 941 3621 uaeas-m
964 3535 1102 3604 aar·
1253 3506 2132 3647 aareatteatsruletaassistata

113 3634 186 3705 reri
209 3647 243 3706 te
263 3632 359 3701 sinas
383 3633 440 3700 vel
470 3632 671 3722 ineptorum
700 3635 931 3726 quomndam.
950 3635 1104 3720 iudiciis,
1251 3643 1327 3714 qussi
1340 3660 1374 3699 eo
1388 3643 1648 3716 diescripuluerit·

116 3736 180 3830 qui
211 3730 305 3803 nihil
331 3735 509 3804 mirantur
537 3732 606 3802 nisi
638 3756 718 3803 suas
747 3735 957 3805 ineruditas·
972 3736 1104 3821 literas,

116 3839 175 3908 vel
205 3837 302 3930 quod
332 3835 405 3926 ipsa
427 3828 653 3926 philosophia
680 3836 729 3905 -ita
756 3836 922 3928 dissipata
954 3837 1044 3907 iacet
1068 3851 1104 3909 et

115 3939 339 4008 indoctorum
357 3936 655 4029 disputationibus
668 3951 853 4031 cormpta,
875 3952 916 4009 ut
932 3938 992 4017 vix
1014 3939 1102 4032 quid
1176 3972 1179 3977 ·

115 4062 305 4133 sequamur
345 4051 380 4109 et
420 4064 489 4132 qua
524 4062 666 4111 cursum
698 4030 920 4125 teneamus,
942 4038 1103 4111 invenire
1149 4014 1195 4107 S·
1214 4034 1261 4109 1).
1310 4036 1420 4127 Quod
1437 4041 1553 4111 rarius
1568 4042 1663 4111 adte
1676 4040 1812 4127 scribo,
1835 4063 1914 4110 non
1932 4038 2129 4115 litoblivio-

114 4142 299 4233 possimus.
350 4138 516 4209 invenies
529 4154 646 4211 autem
659 4141 815 4235 aliquid,
838 4164 918 4211 eum
932 4156 967 4214 et
982 4143 1027 4212 ad
1040 4166 1103 4212 ve·
1149 4162 1197 4209 ne
1210 4139 1410 4210 officiorum
1424 4164 1505 4233 erga
1516 4154 1577 4213 me
1586 4156 1750 4229 tuorum,
1772 4164 1930 4236 quorum
1945 4140 2130 4215 reeordso'o

115 4256 206 4313 teres
219 4242 422 4331 respexeris,
443 4243 538 4312 etad
557 4242 637 4311 illas
653 4255 728 4313 tuas
741 4238 969 4315 humaniores
983 4243 1102 4314 literas
1150 4235 1241 4310 mihi
1254 4241 1449 4330 gratissima
1464 4258 1538 4329 est,
1560 4246 1623 4315 sed
1641 4266 1763 4315 versor
1786 4244 1828 4311 in
1844 4244 2060 4315 miserrimis
2078 4266 2129 4317 su·

115 4343 306 4415 contuleris
319 4364 376 4425 ea,
401 4366 490 4434 quae
509 4343 553 4411 de
568 4338 795 4435 philosophia
809 4355 943 4429 veteres
955 4344 1102 4438 scripse·
1149 4340 1200 4410 ris
1223 4354 1329 4435 atque
1344 4345 1656 4439 occupationibus,
1678 4368 1767 4440 quae
1781 4356 1917 4415 caetera
1933 4344 2053 4417 officis
2067 4366 2129 4417 sss·

114 4456 212 4517 runt.
262 4438 406 4513 Etenim
420 4444 535 4537 siqua
549 4440 716 4534 estResp.
730 4445 851 4523 lutura
866 4443 1103 4519 bonisomni-
1149 4466 1193 4534 pe
1208 4442 1420 4536 impediunt.
1471 4444 1592 4535 Quare
1606 4471 1728 4519 mcum
1742 4444 1926 4517 silentium
1945 4446 2040 4517 boni
2057 4468 2130 4521 eou-

116 4548 185 4618 bus
199 4544 408 4615 enitendum
423 4558 492 4629 est,
515 4557 559 4614 ut
578 4544 812 4619 adolescentia
825 4540 951 4619 adhoc
965 4546 1102 4621 studio·
1151 4544 1255 4615 sulas.

115 4670 197 4719 rum
230 4667 341 4736 genus
373 4640 588 4725 attrahatur,
611 4669 697 4740 „qua
714 4646 766 4717 ·in
796 4670 837 4717 re
867 4666 930 4737 ego
951 4640 1103 4745 quoque,
1249 4642 1356 4719 Nunc
1366 4647 1449 4718 dedi
1460 4641 2131 4743 literasGouricoNeapolitanmdslru·

117 4760 290 4843 quantum
302 4759 444 4838 potero,
466 4744 538 4815 nisi
552 4768 610 4816 me
618 4747 742 4821 atatim
763 4741 803 4817 hi
827 4748 949 4821 civiles
968 4751 1103 4821 tumul·
1151 4768 1279 4833 nomo,
1301 4750 1379 4820 viro
1394 4750 1497 4820 docto
1512 4764 1547 4823 et
1560 4746 1835 4839 humanissimo,
1858 4774 1969 4845 quern
1990 4752 2132 4825 eumin·

115 4864 174 4921 tus
189 4848 406 4941 oppriment,
431 4847 636 4935 elaborabo,
660 4850 775 4942 deque
789 4842 848 4923 his
863 4848 988 4937 rebus,
1012 4876 1104 4945 quo·
1151 4849 1344 4941 telligerem
1368 4850 1633 4943 cupidissimum
1661 4876 1736 4924 esse
1756 4853 1933 4923 videndae
1958 4852 2063 4925 urbis
2078 4874 2132 4923 vs·

118 4950 184 5022 ties
199 4951 360 5020 animum
375 4950 421 5019 ab
435 4947 515 5017 aliis
526 4948 620 5017 curis
637 4944 961 5023 Ecclesiastieamm
983 4975 1104 5025 rerum
1152 4948 1262 5037 strae,
1300 4952 1387 5021 duxi
1408 4953 1442 5022 ei
1467 4953 1586 5024 literas
1606 4956 1651 5024 ad
1674 4946 1872 5048 te'quoque
1892 4952 2036 5025 dandas
2058 4974 2133 5035 esse,

119 5052 278 5136 abduco,
317 5050 432 5140 cogito
455 5048 671 5141 plurimum,
710 5076 781 5146 qua
807 5052 946 5123 ratione
968 5054 1105 5124 mederi
1152 5056 1248 5147 quod
1262 5053 1355 5124 inter
1368 5069 1576 5127 ornamenta
1590 5055 1690 5126 urbis
1703 5068 1857 5139 vestrae,
1876 5078 1969 5148 quae
1984 5068 2132 5149 spectare

117 5148 202 5223 huic
215 5150 308 5243 parti
318 5156 398 5224 τῶν
409 5150 618 5236 πολιτειῶν,
645 5175 752 5245 quam
766 5177 829 5244 ego
849 5178 925 5225 non
939 5156 1032 5227 duco
1046 5154 1105 5225 in·
1152 5156 1267 5248 cupit,
1299 5179 1379 5225 meo
1401 5155 1551 5244 iudicio,
1582 5156 1765 5227 verissima
1788 5169 2002 5229 ornamenta
2023 5155 2134 5229 eristi·

117 5254 256 5323 firmam
275 5274 366 5337 esse,
391 5253 578 5345 possimus.
629 5248 688 5323 Ad
701 5256 924 5347 quaestiones
946 5269 1026 5328 tuas
1047 5281 1104 5327 re-
1151 5258 1243 5329 mari
1255 5257 1407 5329 debeant
1418 5258 1507 5329 boni
1521 5282 1562 5329 ae
1578 5258 1674 5329 docti
1684 5258 1773 5346 viri,
1794 5258 1851 5328 tui
1865 5256 2016 5337 similer.
2043 5256 2135 5351 Qua-

118 5354 295 5446 spondeo,
315 5377 389 5427 non
403 5356 501 5449 quod
514 5354 668 5427 arbitrer
679 5354 800 5447 ignota
816 5380 890 5429 esse
905 5357 993 5446 tibi,
1015 5382 1105 5455 quae
1152 5384 1191 5430 re
1206 5383 1310 5452 rogo,
1322 5373 1375 5430 ut
1388 5352 1470 5431 eum
1483 5384 1559 5431 non
1573 5360 1729 5450 graveris
1747 5359 1908 5453 excipere
1926 5372 1962 5433 et
1980 5362 2136 5445 estuare

117 1167 186 1243 No.
201 1163 311 1243 1051.
437 1194 450 1227 ·.
549 1244 552 1251 ,
769 1168 847 1275 (iere
867 1170 897 1263 d,
917 1175 973 1263 ld·
991 1163 1092 1247 litii)

1150 3791 1406 3873 ornatissimo
1445 3798 1543 3890 viro,
1589 3796 1644 3875 D.
1673 3799 1965 3897 Hieronymo
2002 3796 2129 3875 Bom-

1272 3912 1517 3999 gartnero,
1540 3898 1717 3975 Senatori
1731 3900 2022 3998 Noribergsasi,
2059 3990 2063 3997 Ι
