4522 5760
107 263 190 349 ros
386 328 391 333 .
655 213 1114 341 'urtsronanuu
1171 247 1397 344 arnan
1449 254 1576 334 assa.
1740 184 1744 196 ⁵
2072 254 2149 341 οοο

109 436 248 529 oratori
268 432 455 509 Pontificio
473 434 624 505 :dictum
651 434 713 505 sit:
751 446 872 504 tamen
891 425 1107 501 Celsitudini
1157 439 1220 496 aut
1234 441 1328 498 certe
1342 427 1392 497 ita
1406 428 1573 516 colloces,
1597 434 1770 502 attamen
1784 433 1939 504 familiae
1962 449 2044 508 tuae
2063 462 2162 535 pars·

109 564 199 613 suae
213 560 421 632 persuasum
442 558 536 621 esse,¹
565 537 644 608 tale·
659 528 851 607 concilium
867 527 1106 602 christianum
1155 525 1221 613 sit,
1246 540 1351 622 teque
1373 523 1502 602 habeat
1520 531 1720 603 studiorum
1744 559 1783 605 ac
1804 559 1947 607 morum
1969 522 2147 628 'guberna-
2184 556 2190 571 “

111 658 181 729 etc.
190 664 268 711 non
282 652 355 710 tarn
370 651 514 731 propter
529 651 671 709 nostros
687 660 794 732 quam
805 635 894 705 alios
908 646 944 703 et
955 630 1108 702 maxime
1156 643 1280 704 torem.
1333 629 1374 700 ld
1390 655 1465 700 non
1480 633 1596 702 solum
1613 649 1711 725 pater
1725 650 1844 726 rogat,
1868 631 1930 707 sed
1947 638 2147 732 ipseetiam

113 734 252 815 exteras
270 741 434 810 nationes
457 741 693 811 necessarium
716 752 752 811 et
770 737 858 810 utile
883 735 978 820 fore,
1007 744 1048 803 ut
1068 753 1107 799 ea
1156 732 1380 818 adolescens,
1412 734 1475 826 qui
1490 734 1724 807 admiratione
1746 739 1927 809 doctrinae
1950 755 1986 812 et
2006 745 2149 817 virtutis

113 844 301 938 occasione
317 844 363 929 ad
382 841 463 911 illos
483 865 646 935 quoque,
675 841 805 936 quibus
826 836 1026 927 evangelica
1045 854 1109 929 γε·
1156 847 1237 904 tuae
1282 832 1448 905 incensus
1494 835 1769 909 familiaritatem
1812 852 1917 933 atque
1956 844 2149 917 amicitiam

112 949 206 1021 ritas
225 945 390 1015 nondum
414 956 508 1014 esset·
530 943 716 1035 patefacta,
751 940 922 1010 sincerior
947 934 1108 1006 doctrina
1158 949 1256 1006 tuam
1271 936 1375 1005 valde
1390 936 1530 1027 expetit.
1582 936 1658 1007 Alii
1677 941 1818 1011 fuerant
1839 955 1996 1026 autores,
2023 962 2063 1019 ut
2078 963 2149 1018 sta-

114 1048 339 1144 perveniret,
376 1059 482 1138 atque
512 1068 620 1138 quam
648 1043 818 1114 latissime
845 1050 1111 1134 propagaretur,
1158 1037 1223 1109 tim
1243 1037 1282 1105 in
1296 1034 1435 1107 Italiam
1457 1037 1676 1124 mitteretur,
1710 1043 1772 1111 sed
1792 1042 1828 1110 id
1850 1043 2019 1132 dissuasi,
2052 1051 2150 1143 quod

116 1164 162 1223 ut
183 1172 276 1244 quae
296 1156 371 1217 non
389 1143 568 1217 humanae
591 1146 782 1239 sapientiae
804 1156 866 1214 aut
878 1137 1111 1234 persuasioni,
1159 1139 1267 1209 sciam
1283 1138 1322 1208 in
1336 1134 1404 1209 hoc
1420 1161 1547 1229 genere
1562 1140 1760 1212 litterarum
1774 1144 1894 1214 deesse
1911 1145 1964 1215 ibi
1986 1142 2070 1219 huic
2090 1174 2151 1221 ae-

119 1275 212 1348 quae
226 1273 344 1320 errare
358 1262 491 1342 potest,
516 1249 710 1333 innitatur,
741 1246 930 1337 sedsuper
950 1239 1113 1311 firmissi·
1160 1239 1430 1330 tatimagistros.
1482 1240 1570 1313 Tibi
1582 1241 1692 1332 igitur
1709 1247 2032 1319 commendandum
2046 1252 2152 1323 duri-
2215 1260 2219 1267 '

117 1378 216 1425 mam
227 1364 364 1445 petram
380 1351 481 1420 verbi
496 1350 612 1419 divini
632 1352 670 1420 in
695 1362 877 1419 aeternum
901 1364 1112 1438 permanen·
1161 1364 1262 1426 mus,
1287 1355 1328 1412 ut
1343 1366 1425 1413 eum
1441 1366 1506 1435 pro
1529 1357 1590 1415 tua
1611 1344 1800 1436 prudentia
1821 1371 1939 1439 regas,
1971 1364 2007 1421 et
2029 1355 2073 1422 ad
2096 1372 2152 1424 eas

118 1457 170 1527 tis
183 1455 331 1526 fundata
347 1453 410 1538 sit,
441 1454 608 1535 adversus
628 1475 736 1547 quam
758 1473 805 1519 ne
823 1460 947 1541 portae
970 1443 1111 1539 quidem
1163 1458 1254 1514 artes
1269 1447 1447 1531 traducas,
1473 1468 1560 1538 quas
1576 1459 1615 1516 tu
1631 1448 1783 1517 maxime
1805 1462 1840 1520 et
1861 1472 1956 1522 amas
1982 1465 2017 1523 et
2037 1478 2153 1531 ornas.

118 1558 320 1627 inferorum
332 1578 492 1649 unquam
507 1556 764 1647 praevaliturae
782 1551 863 1623 sint.
885 1559 893 1571 '
1164 1546 1387 1616 Tirocinium
1408 1541 1825 1639 apudAmerbacchium
1847 1551 1951 1638 fecit,
1989 1556 2052 1624 sed
2073 1568 2155 1627 tan-

224 1656 408 1727 Postremo
431 1670 574 1746 gratum
601 1657 710 1728 fuisse
742 1651 921 1723 lllnstriss.
946 1646 1116 1738 Principi,
1164 1662 1240 1718 tum
1267 1662 1448 1733 semestre,
1489 1651 1720 1722 revocabatur
1748 1652 1844 1722 enirn
1876 1648 1940 1725 choi
1967 1650 2017 1727 τὰ
2045 1652 2156 1751 βίαια

120 1761 221 1857 quod
237 1772 358 1829 orator
372 1757 555 1829 Pontificis
568 1760 683 1828 officia
702 1780 765 1826 sua
780 1752 973 1824 detulisset.
1023 1746 1116 1819 Nam
1165 1742 1441 1848 προςτᾶγματα.
1500 1748 1625 1843 Coepit
1653 1765 1771 1823 tamen
1798 1777 1919 1825 versus
1948 1757 2085 1844 facere,
2120 1772 2170 1839 et,

122 1862 260 1933 lllustr.
268 1858 471 1950 Principem
484 1863 606 1929 eadem
622 1859 777 1931 vicissim
791 1878 866 1925 esse
879 1851 1117 1945 propensione
1166 1852 1328 1922 nondum
1342 1851 1527 1922 constituit
1544 1854 1707 1925 accedere
1728 1849 1820 1951 ’πρὸς
1841 1851 1889 1926 τὰ
1912 1861 1992 1931 τῶν
2012 1854 2157 1933 δικανι-

123 1986 207 2054 erga
223 1959 433 2046 Oratorem,
455 1958 626 2057 utileque
641 1953 1118 2050 studionequebenevolen—
1167 1956 1246 2026 κῶν
1268 1946 1569 2052 λεπτολογήμοιτα
1576 2005 1588 2038 ,
1615 1958 1675 2025 sed
1691 1957 1734 2024 iis
1750 1982 1785 2027 se
1798 1959 1936 2029 artibus
1952 1959 2081 2061 dedere
2095 1973 2175 2035 cu·'

122 2066 176 2136 tia
193 2066 380 2135 defuturus
395 2064 442 2133 sit
455 2064 542 2155 ipse.
1167 2055 1241 2148 pit,
1261 2054 1300 2123 in
1324 2055 1454 2149 quibus
1475 2068 1510 2125 te
1531 2057 1620 2126 duce
1648 2072 1764 2148 sperat
1786 2082 1824 2128 se
1844 2059 1993 2132 feliciter
2014 2087 2159 2155 promo-

227 2162 295 2234 His
309 2164 413 2235 dictis
429 2165 575 2256 digressi
590 2174 694 2246 sunt,
720 2164 832 2234 salute
848 2173 953 2254 atque
977 2159 1119 2227 dextera
1168 2171 1290 2228 turam
1306 2180 1389 2230 esse.
1439 2151 1604 2226 Christus
1616 2159 1732 2230 faveat
1747 2173 1780 2230 et
1795 2162 1953 2231 consiliis
1977 2178 2011 2234 et
2032 2167 2160 2238 studiis

125 2268 285 2339 vicissim
302 2268 395 2340 data.
1171 2258 1257 2328 cius.
1308 2257 1415 2329 Pater
1437 2256 1649 2329 liberalitate
1678 2283 1741 2331 sua
1771 2261 1967 2353 ingenium,
1988 2266 2054 2337 lilii
2084 2292 2159 2337 non

1172 2358 1342 2451 gravatim
1356 2360 1462 2432 fovet.
1513 2359 1626 2450 Spero
1640 2372 1675 2431 te
1689 2346 1891 2455 etReipub.
1905 2379 1938 2436 et
1950 2367 2062 2459 ipsius
2074 2372 2162 2439 ado-

1174 2460 1336 2532 lescentis
1351 2483 1472 2530 caussa
1494 2462 1601 2531 nobis
1623 2464 1898 2553 gratificaturum
1920 2490 2010 2555 esse,
2044 2484 2163 2541 tamen

125 2603 186 2675 No
219 2598 317 2673 1365
957 2608 1014 2671 30·
1032 2598 1111 2665 No,
1173 2580 1208 2637 te
1221 2586 1303 2648 oro,
1328 2576 1385 2647 ut,
1408 2576 1581 2656 quantum
1598 2577 1658 2635 tua
1678 2565 1842 2638 valetudo
1865 2581 2015 2664 tuaeque
2037 2595 2094 2643 res
2115 2572 2165 2642 si·

137 2657 328 2733 *Aa—l
951 2688 1121 2722 um..-
1175 2678 1285 2750 nunt‚
1311 2664 1458 2751 efficias,
1492 2677 1532 2735 ut
1553 2660 1646 2737 hanc
1668 2671 2008 2743 commendationem
2031 2672 2164 2744 intelli-

410 2784 561 2867 Ῑοαρὴ,
594 2780 850 2868 cameraria
1053 2808 1062 2822 .
1169 2781 1233 2859 ,gat
1247 2781 1346 2860 pater
1363 2765 1535 2858 profuisse
1549 2767 1634 2841 filio.
1685 2764 1763 2860 Ego
1778 2770 1922 2863 quidem
1935 2774 2027 2865 patri
2044 2775 2088 2845 de
2105 2756 2200 2847 tua

1175 2866 1394 2941 humanitate
1411 2868 1557 2960 largiter
1572 2870 1751 2961 pollicitus
1771 2892 1861 2948 sum.

201 2968 288 3041 Epist.
297 2966 333 3023 sd
344 2964 482 3021 Camerar.
501 2981 529 3034 p.
542 2962 595 3017 254
607 2972 668 3035 sq'q.

748 3099 752 3105 Ι
1277 3016 1332 3090 De
1353 3020 1558 3091 valetudine
1579 3037 1637 3105 tua
1660 3019 1889 3097 vehementer
1908 3051 2018 3119 angor
2034 3033 2169 3117 animo,

137 3120 235 3201 Viro
254 3117 391 3223 optimo
419 3118 450 3192 Ι
452 3112 669 3192 οαοΙιίηιο
694 3112 952 3211 Camerari
958 3146 979 3190 ο
1006 3114 1128 3188 Bum—
1178 3146 1284 3216 quam
1306 3135 1347 3193 ut
1363 3122 1461 3191 omni
1484 3122 1621 3194 ratione
1643 3148 1758 3210 cures,
1792 3127 1822 3195 si
1844 3128 1929 3221 quid
1951 3131 2029 3220 opis
2052 3134 2109 3201 vel
2131 3135 2167 3201 in

133 3223 305 3323 bergensi
320 3220 534 3395 PrYessori
546 3219 768 3318 optimarum
788 3216 1072 3321 disciplinarum
1089 3219 1129 3290 in
1179 3225 1316 3295 ratione
1337 3225 1470 3309 victus,
1510 3226 1571 3293 vel
1589 3227 1626 3294 in
1651 3228 1840 3313 remediis,
1880 3231 1936 3298 vel
1962 3232 1998 3300 in
2022 3228 2171 3319 thermis

289 3322 367 3396 Αοα
396 3323 490 3395 emico
504 3318 741 3419 Tubingensi
758 3348 826 3395 suo
848 3322 979 3410 amico,
1180 3349 1253 3395 esse
1268 3326 1578 3410 animadverteris,
1603 3341 1637 3397 te
1651 3328 1754 3397 valde
1768 3355 1843 3399 oro.
1893 3327 1947 3402 De
1964 3334 2069 3404 rebus
2082 3337 2171 3406 meis

135 3461 184 3550 S·
214 3475 261 3551 D.
320 3473 424 3545 Hanc
457 3473 644 3564 epistolam
677 3476 804 3544 reddet
835 3474 901 3545 tibi
928 3476 1131 3545 adolescens

135 3579 272 3671 Lipsici
301 3577 391 3646 civis
417 3575 532 3657 lilius,
572 3575 722 3663 ingenio·
741 3579 938 3666 praeditus,
980 3591 1021 3647 ut
1040 3572 1130 3645 mihi

135 3682 284 3776 quidem
300 3679 459 3761 ridetur,
492 3678 599 3768 plano
624 3673 858 3748 humanitatis
877 3703 917 3747 ac
939 3679 1133 3763 suavitatis,
1303 3760 1306 3767 Ι
1514 3756 1517 3760 ,

137 3798 176 3853 et
188 3783 234 3852 ad
251 3781 384 3851 litteras
398 3790 493 3871 apto.
542 3776 685 3849 Nomen
698 3780 853 3850 familiae
867 3803 970 3849 nosse
984 3794 1020 3849 te
1035 3795 1133 3873 puto,
1279 3776 1361 3850 Dux
1378 3778 1554 3850 Senoniae
1577 3781 1738 3852 nondum
1762 3785 1871 3855 rediit
1888 3810 1906 3855 a
1926 3784 2024 3879 Rege
2038 3784 2176 3861 Fordi.

136 3881 250 3955 habet
276 3882 372 3951 enim
392 3895 529 3972 patrem
545 3873 776 3977 Bccharum,
791 3878 990 3952 honestum
1015 3879 1135 3952 homi·
1183 3874 1321 3955 nendo.
1379 3879 1540 3951 Nuncius
1564 3879 1820 3979 Pontificius*)
1848 3882 1941 3959 nihil
1967 3892 2036 3960 nisi
2062 3917 2177 3965 meras

127 4008 225 4057 nem
241 4008 282 4061 ae
296 3983 526 4074 locupletem,
554 3996 595 4052 et¹
613 3985 658 4052 de
677 3976 1023 4055 studiislitte'rarum
1044 3984 1135 4052 bene
1176 3980 1295 4073 ¹nugas
1317 3982 1535 4065 circumfert,
1572 3985 1616 4053 de
1636 3980 1799 4056 Concilio
1828 3984 1921 4059 nihil
1950 3995 2037 4063 certi
2057 3990 2176 4066 habet.

139 4087 419 4169 existimantem,
436 4081 592 4176 denique
605 4085 645 4154 in
658 4087 759 4157 omni
775 4086 896 4155 officio
917 4087 1134 4176 diligentem.
1183 4083 1368 4156 Caesarem
1385 4078 1487 4153 aiunt
1501 4085 1539 4154 in
1557 4083 1680 4155 Sicilia
1702 4083 1949 4182 hyematumm
1969 4117 2053 4169 esse.
2104 4095 2179 4165 Ve-

139 4185 557 4278 Magnaeifamiliaritas
574 4200 626 4271 et,
650 4201 692 4257 ut
705 4188 831 4272 audio,
856 4188 964 4257 etiarn
981 4186 1136 4257 amicitia
1184 4186 1259 4256 neti
1282 4198 1318 4254 et
1339 4182 1506 4255 Pontifex
1528 4186 1698 4257 dicuntur
1723 4198 1957 4283 counradum
1984 4192 2083 4268 κατὰ
2107 4202 2178 4270 τοῦ

142 4305 198 4362 est
215 4313 297 4385 cum
321 4288 401 4357 viro
423 4287 558 4379 optimo
578 4302 641 4358 nro
663 4289 764 4357 affini
778 4282 1137 4383 Sigemundolt'ure-
1186 4277 1478 4381 αὐτοκράτορος,
1521 4288 1581 4355 sed
1609 4282 1704 4357 nihil
1727 4283 1841 4363 habeo
1865 4296 1963 4371 certi.
2025 4297 2179 4387 Quaeso,

127 4392 203 4463 'riu
216 4391 293 4462 cive
309 4388 458 4473 Norico,
482 4390 547 4481 qui
560 4412 628 4459 nos
641 4414 785 4484 quoque
799 4395 993 4473 admodum
1016 4416 1138 4461 aman·
1186 4402 1229 4459 nt
1242 4388 1358 4479 primo
1373 4410 1515 4481 quoque
1534 4399 1693 4480 ternpore
1714 4387 1804 4461 mihi
1830 4409 1863 4466 et
1886 4399 1930 4467 de
1957 4402 2100 4470 caeteris
2123 4426 2180 4471 re-

143 4511 200 4565 ter
223 4492 531 4583 complectebatur.
588 4489 680 4563 Cum
706 4494 823 4562 a'utem
851 4494 964 4563 filium
986 4494 1140 4583 flagran-
1188 4493 1255 4561 bus
1277 4503 1311 4559 et
1334 4490 1379 4559 de
1400 4484 1467 4559 hoc
1490 4490 1711 4560 adolescente
1736 4498 1916 4573 rescribas.
1967 4498 2066 4577 Bene
2090 4503 2180 4575 vale.

141 4612 219 4669 tem
233 4614 354 4665 amore
370 4592 568 4663 litterarum
591 4607 690 4684 pater
712 4608 805 4665 recte
826 4595 965 4666 institui
980 4607 1141 4687 cuperet,
1191 4591 1296 4662 lenae
1325 4591 1365 4659 in
1392 4590 1572 4685 Tyrigetis
1604 4590 1724 4662 Pridie
1748 4593 1823 4670 Cal.
1843 4596 2012 4675 Decemb.
2073 4602 2180 4676 Mitto

141 4716 274 4791 meque
292 4696 338 4764 in·
350 4693 539 4763 consilium
555 4691 758 4780 adhiberet,
789 4696 882 4767 suasi
898 4709 940 4766 ut
951 4720 1032 4767 eum
1047 4698 1092 4766 ad
1106 4711 1141 4766 te
1190 4709 1270 4766 tuae
1288 4692 1431 4783 coniugi
1448 4692 1613 4777 Xenion,
1635 4708 1668 4764 et
1683 4720 1809 4787 precor
1822 4686 1863 4770 ut
1880 4697 1938 4771 hic
1953 4703 2098 4773 veniens
2118 4730 2182 4776 an-

130 4800 320 4879 -mitteret,
345 4796 447 4888 eique
465 4795 643 4886 pollicitus
659 4821 756 4882 sum,
782 4812 843 4869 tua
858 4798 972 4868 officia
985 4800 1086 4869 nulla
1102 4799 1141 4867 in
1191 4820 1259 4866 nus
1283 4795 1349 4864 tibi
1372 4808 1407 4865 et
1430 4807 1510 4864 tuae
1532 4796 1675 4886 coniugi
1700 4811 1733 4868 et
1754 4799 1877 4871 liberis
1898 4806 2024 4875 restris
2045 4806 2129 4877 felix
2151 4823 2183 4879 et

144 4924 189 4971 re
220 4899 386 4969 defutura
418 4919 492 4966 esse
520 4898 754 4983 adolescenti,
792 4901 891 4992 quod
922 4915 959 4971 et
984 4899 1141 4992 Reipub.
1190 4899 1326 4968 faustus
1342 4896 1417 4967 sit.'
1451 4892 1615 4970 Christus
1631 4913 1746 4970 servet
1764 4915 1797 4972 tc
1819 4916 1853 4975 et
1874 4907 2060 4997 coniugem
2083 4923 2117 4981 et
2138 4910 2185 4980 li-

145 5023 270 5072 caussa
284 5006 422 5069 sumina
435 4998 504 5069 fide
524 5001 642 5070 studia
665 4996 773 5070 huius
794 5001 917 5073 aetatis
937 5004 1063 5074 iuvare
1085 5025 1157 5072 so:
1180 5001 1304 5071 ¹beros.

147 5106 261 5186 leres,
284 5114 321 5171 et
334 5100 488 5171 libenter
501 5104 646 5190 operam
667 5103 816 5172 daturus
836 5124 928 5173 esses
949 5100 1033 5176 huic
1056 5106 1141 5173 ado-
1181 5106 1185 5113 '

144 5202 296 5279 lesccnti
320 5202 436 5272 bonae
459 5203 546 5293 spei.
606 5201 778 5275 Probavit
802 5228 921 5275 meum
954 5206 1143 5277 consilium
1197 5264 1202 5273 .

148 5320 268 5401 pater,
300 5316 335 5374 et
349 5304 463 5373 filium
478 5306 521 5376 ad
538 5319 572 5376 te
586 5304 705 5378 mittit.
759 5306 896 5396 Quare,
928 5309 958 5377 si
979 5307 1054 5377 fieri
1077 5332 1142 5400 po·
1196 5314 1406 5333 “““““““““’“

150 5422 239 5491 test,
260 5422 295 5478 te
308 5427 413 5495 rogo,
438 5421 479 5478 ut
492 5407 538 5475 ad
551 5416 587 5477 te
601 5407 639 5476 in
658 5410 762 5478 aedes
784 5432 864 5480 eum
884 5422 963 5480 tuas
983 5408 1156 5502 recipias,
1233 5440 1260 5510 ι)
1280 5438 1426 5511 vm„
1439 5438 1470 5495 ς,
1484 5440 1541 5496 w,

1334 5508 1432 5587 63*

1180 3429 1276 3522 quod
1297 3428 1468 3513 scribam,
1506 3423 1599 3496 nihil
1631 3429 1825 3500 admodum
1855 3426 1982 3507 habco.
2032 3435 2173 3509 Consu.

1180 3554 1258 3600 mor
1273 3529 1492 3624 quotidianis
1509 3542 1544 3600 et
1556 3529 1637 3621 plus
1658 3555 1763 3624 quam
1782 3534 1940 3605 molestis
1958 3540 2086 3630 operis,
2112 3538 2173 3609 sed

1181 3656 1316 3713 coram,
1340 3628 1419 3699 Deo
1439 3630 1600 3717 volente,
1626 3626 1693 3701 hoc
1712 3657 1794 3701 vere
1810 3636 1942 3707 omnia.

1936 5131 2131 5223 obianum.
