4522 5760
66 298 105 352 Μ
517 198 826 282 tunsone
853 202 1198 316 urrunnun
1252 207 1387 288 rost.
1414 213 1545 299 ress.
1663 150 1676 161 ”

67 386 124 447 10.
154 373 293 442 Noscitru
307 378 382 444 hlei.
397 383 478 461 ilio,
498 377 708 466 Margarethr,
729 398 834 469 postea
848 383 973 453 Proceri
987 411 1078 455 uxor.

65 482 123 549 16·
155 477 326 565 Campanus
342 488 411 547 est·
401 507 434 545 m
447 479 608 550 Iuliocenei
620 487 747 550 ditione.
836 499 855 511 '

66 587 122 651 16·
155 579 312 668 Grynseus
326 608 367 649 ex
380 582 496 671 daglia
509 589 605 654 adfert
620 593 827 675 quaestionem
841 589 879 653 de
891 594 1085 659 matrimonio
1100 591 1227 709 Henrici
1238 589 1343 678 Regis.
1368 626 1417 647 -·
1441 594 1496 661 At
1509 598 1713 664 Gsmererinm
1725 594 1800 662 Mel.
1815 601 1933 663 scribit:
1970 619 2048 679 „ego

201 691 354 751 laboribus
367 710 401 752 ac
411 696 491 754 curis
502 696 686 758 miserrimus
699 694 871 759 conficior?

49 774 123 922 Atussg.
155 848 302 915 Cometen
315 859 471 938 conspicit.

61 961 122 1026 22.
156 940 448 1021 ComitesaNessau
465 972 496 1022 et
510 935 848 1041 eNoenmveniunted
861 958 1033 1046 Principem
1046 961 1236 1045 Ειιιιοιιιιι,
1259 971 1355 1031 acturi
1373 968 1411 1031 de
1424 969 1644 1032 conciliatione.

63 1063 123 1127 28.
154 1055 229 1119 ittet.
243 1061 345 1121 scribit
359 1061 395 1122 de
410 1063 539 1144 digamia
552 1060 645 1145 Regis
659 1059 800 1145 Anglise.

155 1159 225 1222 Hoc
237 1180 340 1223 mense
356 1163 508 1246 praefatur
520 1165 560 1227 ad
572 1160 754 1250 Gryneum
743 1189 777 1228 ιιι
791 1167 903 1229 librum
918 1161 1041 1233 Ioannis
1062 1168 1101 1232 de
1112 1192 1195 1235 sacro
1209 1167 1307 1239 Busto
1322 1176 1360 1240 de
1374 1176 1516 1260 sphoera,
1544 1176 1597 1239 ubi
1611 1176 1727 1241 disserit
1743 1176 1780 1239 de
1796 1174 1939 1256 dignitate
1956 1184 2052 1237 ostro·

46 1349 122 1420 Sept
206 1265 336 1324 nomiae.

69 1439 104 1499 9.
156 1424 203 1490 De
220 1426 345 1493 Corneto
360 1433 463 1493 scribit
477 1432 515 1493 ad
529 1427 677 1495 Comeret.
728 1426 822 1513 (item
835 1432 915 1495 med.
934 1428 1056 1517 septb.)

64 1535 125 1600 11.
154 1528 203 1592 Βι
217 1537 306 1595 mista
318 1537 434 1615 privata
447 1536 549 1597 scribit
562 1534 601 1597 ad
613 1531 821 1598 Marchionem
835 1532 1007 1600 Brandenb.

63 1642 123 1705 29
156 1630 361 1699 camerarium
371 1637 526 1717 hortatur,
550 1650 584 1700 ut
593 1620 814 1722 ,Norinberge
828 1642 950 1719 relicta,
976 1662 1008 1702 se
1023 1637 1181 1706 conieret'
1170 1664 1203 1704 m
1219 1637 1415 1707 Academiam
1429 1638 1550 1707 Erford.

154 1732 268 1800 Adhuc
284 1738 403 1801 cuditur
416 1743 557 1823 apologia
571 1745 759 1822 germanica,
786 1762 878 1825 quam
895 1742 1042 1806 emendat.

52 1927 79 1981 O
153 1835 310 1903 Elementa
321 1843 483 1905 rhetorices
497 1843 577 1904 dicar
594 1846 664 1908 filiis
676 1841 909 1909 Reiffensteinii.

80 1937 120 1987 ei·

65 2018 122 2080 11.
154 2004 319 2082 Zrcisrglirss
333 2008 466 2070 caeditur
478 2011 512 2070 in
526 2011 600 2070 acie.

64 2118 123 2181 81.
153 2105 226 2171 Mel.
239 2109 276 2172 de
292 2108 502 2194 Anabaptistis
516 2131 616 2174 severe
631 2108 753 2172 indicat.

155 2207 321 2292 Queritur,
344 2214 428 2298 qnod
440 2215 524 2276 rixse
540 2214 730 2295 theologicae
741 2213 844 2294 ipsum
857 2210 1005 2275 abducant
1019 2232 1038 2274 e
1050 2211 1150 2277 stadio
1164 2215 1345 2279 litterarum.

55 2305 124 2453 nse?
155 2372 399 2460 Oecoloqnpodirss
412 2383 551 2457 moritur.

71 2493 124 2556 19.
156 2476 330 2544 Conventus
343 2460 512 2565 legator*
521 2478 700 2547 Protestont.
715 2479 913 2548 Francofurdi
926 2481 964 2545 od
978 2477 1094 2561 Moem,
1119 2482 1173 2545 ubi
1189 2479 1272 2566 quod
1286 2482 1438 2566 reliquom
1454 2496 1515 2545 erat
1529 2483 1566 2543 de
1579 2480 1708 2565 parendo
1721 2480 1893 2565 detentione
1908 2491 2050 2543 statuunt.

153 2579 310 2648 Eumevit
323 2583 383 2649 hoc
397 2607 477 2649 anno
493 2584 671 2648 Homerum.

840 2950 849 2975 ι
932 3008 1095 3106 Α’ΝΝΟ
1130 3028 1268 3108 1622

65 3232 114 3286 ¹21¹·
155 3231 283 3297 Ineunte
297 3229 439 3317 Ianuario
454 3234 528 3301 Mel.
545 3237 714 3301 rhetoricen
736 3257 821 3300 soem
834 3236 928 3299 mittit
941 3231 1067 3318 Magno,
1090 3232 1174 3299 Duci
1183 3231 1372 3320 Megapolit,
1398 3241 1487 3322 elque
1501 3233 1692 3300 commendat
1705 3193 1861 3298 Sabinum.

69 3351 121 3414 13.
153 3334 202 3399 De
217 3307 458 3421 Oecolempedio
474 3340 554 3404 etde
568 3336 699 3404 Lutheri
719 3338 892 3403 valetudine
914 3341 1017 3402 scribit
1031 3336 1214 3406 camerario.
1246 3365 1297 3382 -·
1348 3337 1501 3419 „Norica”
1519 3337 1665 3404 loaohimi
1680 3334 1841 3401 Camerarii
1860 3335 2048 3399 excuduntur

202 3436 411 3520 Witebergae.

66 3556 120 3618 29.
152 3537 324 3621 lantherus,
350 3562 405 3626 qur
394 3544 588 3624 periculose
607 3555 827 3627 aegrotaverat,
849 3515 1039 3608 convalescit.

152 3672 292 3739 Exeunte
312 3669 562 3739 Ien.il1el.dono
579 3679 689 3762 occipit
703 3681 849 3762 poculum
862 3690 1036 3760 argenteum
1049 3677 1220 3740 inauratum
1233 3698 1251 3738 a
1265 3672 1398 3759 Magno,
1423 3669 1510 3737 Duce
1523 3671 1694 3758 Megopol.,
1715 3686 1744 3737 et
1760 3672 1888 3738 Sabinus
1903 3691 2048 3756 pannum.
2108 3781 2112 3784 q

81 3879 88 3886 ,
153 3807 286 3873 Corvino
301 3811 396 3872 mittit
411 3804 484 3871 Mel.
502 3805 674 3873 Chronicon
691 3808 847 3892 Carioni,
860 3815 905 3898 ,in
922 3831 984 3898 qno
998 3815 1095 3876 multa
1107 3812 1325 3875 emendaverat.

48 3988 116 4043 Febr
152 3909 272 3975 Melia
285 3913 389 3975 schola
403 3923 519 3973 enarret
533 3917 620 3996 epist.
635 3914 673 3976 ad
685 3906 852 3978 Romanos.
885 4004 886 4013 ἵ

69 4076 101 4137 1.
153 4060 260 4128 Caesar
276 4085 316 4126 ex
330 4059 440 4146 Belgio
456 4059 649 4146 Mogontinn
663 4069 766 4148 venit,
792 4071 890 4132 iturus
904 4064 1102 4132 lietisbonem
1115 4062 1154 4127 ed
1169 4060 1301 4127 Comitio
1313 4057 1459 4120 habenda.
1474 4109 1476 4114 ,

45 4188 127 4247 um
154 4226 281 4293 Inemrte
293 4225 404 4292 Martio
423 4228 574 4312 praefatur
589 4230 628 4293 ed
643 4226 856 4299 Genricumin
872 4226 1034 4296 camerarii
1049 4233 1161 4295 librum
1177 4230 1214 4291 de
1237 4227 1393 4310 portentis.

60 4342 117 4404 17.
152 4331 250 4395 Mittit
264 4328 410 4415 Myconio
424 4334 646 4415 propositiones
664 4335 701 4395 de
715 4337 909 4416 poenitentia.
1052 4375 1063 4396 .
1871 4403 1874 4416 ¹

48 4429 119 4500 Apr.
152 4431 281 4498 Ineunte
295 4431 399 4518 April.
414 4449 579 4498 conventus
594 4432 765 4518 Suinicrti,
790 4440 845 4500 nbi
857 4438 895 4500 de
909 4457 982 4521 pace
996 4437 1074 4498 inter
1087 4428 1287 4510 Protestentes
1302 4443 1333 4491 et
1347 4425 1520 4494 catholicos
1535 4425 1670 4491 iaciendo
1687 4429 1792 4510 egitur.

61 4546 119 4610 16.
152 4536 225 4600 Mel.
240 4558 327 4600 suam
342 4541 518 4601 sententiam
534 4539 572 4600 de
584 4561 645 4599 una
657 4543 755 4622 specie
770 4543 803 4603 in
819 4560 950 4603 coenas.
966 4540 1067 4602 scribit
1090 4535 1129 4598 ad
1144 4532 1336 4597 Ioechimum
1348 4528 1462 4645 March.
1478 4526 1647 4592 Brandenb.

151 4638 276 4703 Enarrat
290 4642 431 4724 quintum
444 4642 554 4725 librum
572 4637 750 4704 Ethicorum
770 4639 954 4706 Aristotelis.

12 4790 19 4795 .
55 4741 115 4804 22·
150 4742 408 4806 Hervordensibus
422 4746 524 4805 scribit
535 4747 627 4806 simul
641 4765 712 4807 cum
729 4740 867 4808 Luthero
882 4746 920 4807 de
932 4746 1019 4806 rebus
1035 4740 1237 4805 ecclesiasticis
1253 4711 1330 4801 recte
1347 4735 1548 4799 instituendis.

45 4845 120 4982 ἐ
84 4843 120 4904 6
151 4844 261 4909 Scribit
274 4844 350 4930 qnid
363 4847 428 4928 spel
441 4845 549 4908 hebeat
561 4845 598 4908 de
611 4860 763 4912 conventu
780 4846 993 4912 Suinfortensi.

80 4925 118 4984 23·

62 5016 98 5077 2·
148 5007 243 5075 Liber
255 5012 379 5097 (1111111111
395 5006 575 5092 Ethicomm
590 5007 766 5079 Arntotaus
789 5035 830 5078 ex
844 5032 950 5099 graeco
966 5013 1001 5075 in
1019 5011 1147 5075 tatinum
1161 5028 1262 5072 versus
1278 5005 1393 5084 editur,
1418 5002 1532 5065 dicatus
1546 4997 1648 5063 Utrico
1665 4993 1806 5077 Sillingo.

47 5103 113 5248 Idm
84 5175 322 5242 G.onrsntns
334 5173 538 5261 Norinbergee
551 5178 683 5261 incipit.

52 5187 114 5350 td.
146 5278 239 5344 Initia
256 5275 458 5344 Comitiorom
470 5277 663 5345 Ratisborae.
776 5285 781 5294 '
879 5298 881 5302 ⁴

48 5388 113 5454 27
146 5377 1101 5546 Ιιιιριιιιφιιιιιιιιθιιιςιιιώιιιιιωιλιιιιιιιη,
1112 5348 1813 5449 sntconnsodsttitcoteomlicormsnnun.
1913 5446 1921 5453 ,
