4522 5760
491 160 501 171 ’
565 222 1010 303 sarorotanuu
1067 169 1176 300 cta
1214 222 1296 301 vu.
1351 222 1483 304 cass.
1966 186 2046 309 tor

91 404 207 475 dione
221 426 315 487 esse,
341 416 376 473 et
388 400 579 471 nunciatur
593 400 721 490 ingens
736 413 925 490 apparatus
947 408 1008 467 co·
1059 398 1203 487 publica
1219 398 1383 468 omnium
1396 402 1581 470 doctorum
1601 400 1725 492 opinio
1745 402 1791 471 de
1811 410 1873 472 tua
1893 403 2050 473 bonitate

91 530 167 577 usn:
194 505 300 576 multi
317 517 445 595 putant
461 527 559 573 arma
582 516 706 572 contra
722 498 858 571 Turcas
881 501 1009 590 parari,
1057 513 1166 592 atque
1187 500 1392 571 clementia:
1426 517 1543 572 tamen
1570 524 1626 571 me
1659 526 1680 571 a
1711 504 1900 573 scribendo
1931 506 2049 595 pudor

91 590 309 697 suspicantur
326 601 545 691 ὁπλίζεσθαι
557 599 676 675 αὐτὸν
699 597 796 673 κατὰ
818 607 888 673 τοῦ
911 604 1008 696 Bpe-
1056 600 1156 671 meus
1171 603 1415 686 deterruisset,
1440 604 1509 672 nisi
1533 626 1590 670 me
1614 605 1854 675 confirmasset
1869 604 1914 678 D.
1929 600 2047 676 Anto-

91 711 166 781 κοῦ
179 702 372 801 βασιλέως,
398 700 573 779 καὶκατὰ
588 709 666 778 τῶν
680 701 726 777 οὐ
739 694 945 775 asteriacus
960 707 1008 795 τῇ
1056 699 1143 770 nius
1158 704 1302 787 doctor,
1327 704 1462 774 amiens
1476 726 1594 787 meus:
1619 706 1684 797 qui
1706 730 1763 774 me
1784 708 1850 789 etsi
1865 721 1968 778 antea
1985 732 2046 781 su·

91 803 174 905 idon
240 806 428 881 Cattorum
457 808 639 899 princeps,
673 819 715 875 ut
739 804 866 901 audio,
898 806 1008 897 profi·
1055 805 1261 893 spicientem
1283 802 1312 898 ¹)
1342 800 1503 875 heroicas
1535 806 1682 876 virtutes
1714 822 1811 893 tuas,
1845 821 1964 878 tamen
1994 812 2046 882 ita

91 916 156 983 tu'r
169 910 214 980 ad
228 896 534 989 decinentium,
562 909 660 1001 quod
674 909 829 977 faustum
851 907 1007 998 felixque
1057 928 1153 974 nunc
1182 907 1344 991 accendit
1371 908 1707 977 commemoratione
1729 909 1874 979 laudum
1892 924 2046 998 tuamne
2113 952 2117 958 -

100 1024 228 1105 putant
243 1015 368 1082 ducem
384 1013 545 1081 futurum
570 1011 736 1079 adversus
751 1007 966 1085 Pannonias.
1055 1021 1095 1077 ut
1112 1007 1151 1075 in
1168 1031 1264 1101 spem
1279 1008 1436 1077 uenirem
1451 1005 1500 1101 ²),
1523 1007 1571 1079 R.
1585 1008 1637 1083 M.
1652 1009 1696 1077 Τ.
1712 1034 1776 1101 pro
1791 1012 1974 1083 excellenti
1988 1035 2043 1083 sa-

111 1111 166 1184 De
183 1110 312 1202 Anglia
333 1115 479 1184 fortasse
501 1111 580 1181 istic
602 1112 713 1179 multa
735 1112 916 1192 feruntur,
941 1133 1007 1199 pa·
1055 1108 1186 1199 pientia
1200 1123 1305 1202 atque
1321 1104 1541 1179 humanitate
1553 1124 1613 1180 tua
1628 1111 1748 1181 literas
1756 1108 1785 1205 ³)
1800 1112 1888 1182 boni
1902 1117 2043 1185 consul-

116 1238 193 1283 eam
224 1216 405 1283 doctrinae
436 1213 575 1305 puriori
607 1212 799 1301 religionis.
840 1202 935 1305 ἦλθε
963 1202 1005 1280 δὲ
1054 1223 1169 1295 turam
1196 1234 1285 1296 esse,
1317 1212 1522 1302 praesertim
1547 1211 1586 1279 iu
1608 1211 1739 1305 quibus
1758 1237 1833 1285 non
1856 1215 1971 1284 solum
2000 1218 2045 1287 de

91 1310 221 1408 ςῆμᾶς
241 1310 341 1399 ξένος
364 1308 473 1409 τὶς’)
497 1308 683 1408 πεμφθεὶς
703 1312 743 1383 ἐκ
769 1316 834 1404 τῆς
857 1306 1002 1407 Βρετα-
1054 1304 1133 1380 meo
1153 1312 1290 1397 officio,
1322 1314 1383 1381 sed
1403 1307 1573 1383 nonnihil
1591 1307 1760 1393 †etiam”
1780 1316 1824 1383 de
1844 1313 2042 1408 Republica

91 1442 112 1502 ·‚
138 1409 258 1508 μόνον
272 1411 533 1515 διαλεγόμενος
553 1409 719 1508 περὶτοῦ
736 1408 913 1507 δευτέρου
934 1406 1004 1510 yoi-
1055 1412 1249 1505 scripturus
1263 1436 1384 1487 essem.
1435 1410 1485 1485 At
1506 1416 1551 1483 de
1574 1437 1631 1483 me
1654 1415 1800 1508 quidem
1823 1417 1939 1490 dicam
1960 1420 2043 1489 bre-

104 1522 177 1590 Ιτοῦ
191 1513 391 1609 βασιλέως,
421 1521 501 1591 τῶν
521 1509 563 1590 dd
585 1520 651 1608 τῆς
674 1510 864 1607 ἐκκλησίας
882 1538 1003 1612 apoty-
1055 1514 1145 1583 vius.
1198 1510 1298 1601 Quid
1312 1512 1341 1597 †
1357 1513 1477 1584 enim”
1494 1515 1532 1584 in
1551 1510 1617 1585 hac
1632 1540 1709 1586 mea
1727 1530 1762 1587 et
1778 1518 1912 1607 ingenii
1926 1522 2044 1590 tenui·

91 1642 144 1690 ισν
162 1616 207 1689 oti
221 1615 339 1712 μέλει,
373 1614 424 1699 ὥς
447 1641 556 1716 φησι,
591 1621 646 1711 τῷ
668 1615 823 1709 βασιλεῖ.
849 1617 909 1685 sed
934 1611 1003 1685 hoc
1055 1628 1125 1684 tate
1140 1615 1329 1686 etiortuna
1346 1630 1524 1706 praestare
1538 1640 1699 1707 possum,
1730 1643 1802 1712 quo
1826 1616 1945 1692 ursum
1967 1634 2044 1693 stu-

91 1720 101 1789 i
115 1714 242 1800 habet,
269 1718 412 1789 saevitia
427 1744 524 1790 nunc
542 1718 644 1787 nulla
657 1717 710 1787 ihi
725 1732 903 1788 exercetur
917 1740 1004 1787 con·
1054 1716 1153 1805 dium
1170 1714 1249 1806 eiga
1264 1715 1311 1792 R.
1330 1714 1383 1791 M.
1400 1716 1445 1789 T.
1460 1718 1637 1788 declarare
1657 1722 1806 1812 queam?
1856 1719 2043 1795 Caeterum

91 1822 267 1891 studiosos
292 1820 449 1890 melioris
477 1820 670 1892 doctrinae.
699 1814 788 1899 τούς
802 1816 940 1899 Κέλτας
960 1810 1001 1889 δὲ
1054 1820 1103 1889 ita
1121 1842 1260 1911 semper
1282 1818 1453 1888 iudicavi:
1489 1817 1581 1890 Cum
1602 1820 1698 1890 hono
1720 1835 1756 1893 et
1776 1822 1922 1893 salutari
1940 1826 2042 1913 prin-

91 1947 114 2005 o
131 1917 337 2015 μαίνεσθαι
352 1910 490 1995 ἅκούισ.
528 1919 640 1993 Plane
653 1914 741 1989 haee
756 1920 932 1991 vaticiniis
945 1944 1002 1991 re·
1054 1921 1131 2010 cipe
1146 1915 1237 1988 nihil
1253 1920 1298 1988 sit
1310 1920 1508 2002 amabilius,
1533 1915 1626 1989 nihil
1641 1921 1798 1993 divinius
1807 1923 1854 2015 ⁴):
1879 1922 1926 1997 R.
1936 1923 2043 2007 M.'l'.

91 2026 208 2109 tdent,
235 2025 294 2092 sed
311 2023 481 2121 quicquid
498 2022 582 2107 erit,
611 2017 678 2091 hac
691 2046 749 2091 mc
764 2022 1002 2092 consolatione
1053 2023 1098 2121 ab
1121 2022 1288 2091 omnibus
1313 2022 1418 2091 bonis
1446 2022 1533 2090 viris
1565 2036 1712 2113 propter
1743 2026 1969 2095 excellentem
2002 2028 2040 2095 in
2091 2056 2095 2065 ·

91 2140 189 2211 ento,
222 2127 318 2217 quod
345 2125 432 2196 scio:
466 2118 523 2196 ὅτι
548 2120 609 2196 δεῖ
626 2116 696 2216 τὴν
723 2118 918 2217 ἐκκλησίαν
940 2146 1003 2214 μι-
1052 2114 1384 2217 summa'potestate
1405 2125 1686 2193 moderationem
1712 2148 1752 2195 ac
1775 2126 1945 2197 iustitiam
1966 2152 2042 2197 me-

91 2225 169 2299 ιθαι
187 2230 256 2297 τσῦ
280 2219 464 2299 δεσπότου
491 2222 652 2322 θλίψεις.
710 2223 808 2296 Haec
833 2220 924 2293 mihi
945 2224 1002 2290 vel
1053 2224 1321 2293 ritoamandam
1334 2247 1418 2294 etse.
1443 2222 2040 2304 PltrrimumvcrodebedRMT.

103 2327 186 2398 satis
204 2349 331 2417 magna
349 2327 541 2398 consolatio
567 2341 637 2412 est,
666 2349 732 2395 aec
755 2339 826 2395 tam
845 2349 903 2395 me
923 2348 998 2417 per·
1053 2339 1209 2395 anostro
1226 2326 1370 2411 ordine,
1395 2339 1431 2395 et
1443 2348 1463 2394 a
1476 2327 1658 2397 literarum
1674 2329 1860 2414 studiosis,
1885 2331 1981 2422 quod
2002 2332 2043 2399 in

91 2429 233 2499 antilla
251 2429 426 2523 pericula,
458 2452 564 2522 quam
587 2439 707 2497 nostra
729 2427 827 2501 vitia.
879 2426 1003 2515 Quan—
1054 2427 1225 2496 ornandis
1237 2428 1500 2520 excitandisque
1511 2422 1668 2499 honestis
1678 2429 1987 2522 disciplinisPeM.
1996 2430 2039 2500 Τ.

95 2530 239 2629 neuim,
277 2531 370 2627 hone
396 2526 512 2627 Deus,
557 2522 840 2621 reprehendendi
873 2550 1004 2611 sumus,
1054 2529 1158 2619 longe
1172 2529 1334 2597 omnium
1351 2526 1516 2622 regum')
1537 2552 1576 2598 ac
1595 2530 1797 2623 principum
1814 2528 1921 2602 huius
1945 2546 2040 2603 acta-

91 2632 200 2702 dnon
218 2634 343 2703 damus
360 2655 520 2724 operam,
545 2643 587 2703 ut
606 2644 776 2700 sanentur
788 2628 1003 2721 ambigentes
1054 2631 1100 2699 tis
1121 2630 1278 2701 studium
1304 2630 1438 2700 vicerit.
1498 2630 1578 2720 Qua
1600 2632 1639 2701 in
1663 2646 1757 2704 rect
1780 2635 1981 2705 facilitatem
2005 2648 2040 2704 et

91 2732 267 2818 scientiae,
297 2746 337 2803 ut
361 2734 522 2806 doctrina
544 2755 652 2825 pure,
685 2731 909 2823 simpliciter,
940 2725 1004 2803 καὶ
1054 2726 1261 2831 sapientiam
1298 2746 1394 2802 tuam
1428 2733 1597 2801 admirari
1633 2735 1740 2803 soleo.
1804 2734 1912 2823 Quod
1944 2736 2050 2805 enim.

91 2844 114 2925 t,
129 2839 343 2928 σοφιστικῆς
360 2835 530 2925 explicata
546 2847 654 2918 extet,
683 2827 769 2901 haec
783 2856 903 2902 meum
925 2832 1003 2901 ani·
1054 2830 1101 2903 R.
1115 2831 1168 2904 M.
1188 2832 1231 2907 T.
1254 2832 1424 2904 iudicavit
1446 2856 1567 2905 curam
1590 2834 1772 2905 literarum
1799 2838 1943 2926 dignam
1968 2860 2041 2906 esse

91 2960 119 3005 n
149 2936 299 3005 maxime
332 2949 479 3025 angunt.
536 2933 685 3008 Recudo
716 2929 939 3029 Apologiam
970 2946 1004 3001 et
1053 2954 1181 3024 magno
1195 2931 1377 3026 Principe:
1410 2935 1502 3005 vidit
1516 2938 1689 3028 profecto,
1714 2951 1886 3029 quantum
1903 2937 2041 3030 Reipu-

91 3062 133 3122 ιε,
158 3052 191 3107 et
208 3050 299 3105 certe
316 3038 419 3128 cupio
442 3036 650 3128 simpliciter
673 3036 846 3127 explicare
868 3035 1004 3127 praeci·
1054 3036 1166 3104 blicae
1180 3035 1287 3105 'decus
1302 3028 1433 3129 sint*),
1457 3051 1629 3128 quantum
1647 3039 1796 3108 aflerant
1812 3041 1980 3109 momenti
1994 3042 2038 3108 ad

91 3139 233 3222 slocos,
258 3141 317 3207 sed
337 3141 469 3208 adrem
488 3149 626 3208 tantum
641 3160 732 3228 opus
753 3152 828 3207 erat
852 3137 1002 3229 qtradem
1055 3137 1229 3206 societatis
1266 3132 1443 3231 humanae
1476 3139 1778 3208 conservationem
1827 3153 1919 3209 recta
1959 3142 2040 3210 lite-

91 3240 336 3327 manicatione
365 3235 429 3313 scoti
459 3232 694 3329 ξνκσμιλίαις.
748 3236 856 3327 Rogo
880 3251 931 3322 te,
965 3251 1004 3306 ut
1056 3262 1194 3321 ranam,
1233 3238 1370 3327 legum,
1410 3238 1622 3326 religionum
1650 3241 1765 3309 studia
1783 3234 1825 3334 ⁶).
1864 3239 2040 3311 Felicitas

91 3365 176 3411 ecum
191 3336 420 3432 Epigramma
435 3336 729 3431 mihicornponas
743 3340 1005 3431 praeligendum
1055 3360 1140 3409 vero
1156 3360 1282 3426 magna
1297 3340 1383 3424 luit,
1401 3339 1498 3431 quod
1513 3342 1636 3409 eodem
1657 3354 1814 3433 tempore
1835 3355 1906 3412 tam
1929 3344 2041 3412 multa

91 3441 231 3530 alogiae,
257 3456 307 3528 et,
333 3442 363 3511 si
376 3444 483 3529 lihet,
505 3444 656 3521 alterum
671 3441 770 3515 locis.
804 3440 1005 3513 Benevalc.
1057 3440 1193 3530 egregia
1215 3439 1351 3529 lumina¹
1378 3440 1601 3529 ingeniorum
1630 3441 1713 3512 tulit
1736 3441 1865 3533 Anglia
1891 3457 1966 3516 tua:
2001 3458 2041 3514 ut

96 3540 204 3614 Mart.
493 3622 496 3629 ¹
1056 3565 1243 3613 numerare
1269 3542 1307 3625 in
1336 3537 1392 3611 his
1423 3543 1555 3613 multos
1579 3544 1772 3634 possimus,
1811 3547 2042 3615 conferendos

243 3652 246 3659 '
760 3636 955 3723 Φίλιππος.
1058 3666 1138 3714 cum
1161 3642 1307 3711 summis
1323 3642 1429 3729 viris,
1462 3645 1524 3739 qui
1549 3668 1706 3739 unquam
1734 3646 1915 3716 doctrinae
1938 3646 2042 3716 laude

1057 3745 1266 3818 floruerunt.

107 3916 118 3939 τι
527 3914 531 3925 ,
1159 3841 1212 3913 Ac
1223 3869 1324 3935 saepe
1340 3846 1508 3936 cogitanti
1528 3843 1617 3917 mihi
1633 3850 1676 3917 de
1692 3847 1738 3919 R.
1754 3846 1806 3919 M.
1819 3846 1863 3916 Τ.
1886 3847 1985 3917 veuit
2004 3848 2042 3918 iu

91 3981 202 4057 ,1254
699 4024 702 4029 ,
849 3994 892 4055 ¹3
918 3985 998 4049 Μ..Γῒ
1059 3958 1232 4031 mentem,
1256 3947 1327 4023 tale
1340 3972 1435 4017 nunc
1451 3974 1597 4019 aureum
1613 3948 1770 4019 seculum
1785 3972 1857 4018 esse
1872 3946 2044 4019 tuaeBri-

91 4037 213 4111 m.)
784 4122 790 4131 ¹
855 4030 1007 4107 »αἶαν’
1059 4046 1222 4131 tanniae,
1248 4048 1352 4141 quale
1374 4049 1443 4119 fuit
1464 4051 1550 4119 olim
1568 4048 1738 4145 Aegypti,
1771 4065 1938 4141 regnante
1959 4048 2044 4121 Pto-

245 4169 453 4268 gemm,
501 4139 617 4274 Regi
641 4162 780 4276 Angl·
1059 4149 1194 4219 lemaeo
1218 4145 1467 4241 Philadelpho:
1509 4153 1569 4245 qni
1595 4155 1660 4225 etsi
1688 4153 1814 4245 opibus
1842 4153 2045 4225 antecelluit

950 4270 953 4275 ·
1060 4273 1182 4319 omnes
1197 4274 1270 4318 non
1288 4250 1401 4320 solum
1418 4276 1501 4322 suae
1521 4255 1642 4323 aetatis
1660 4277 1775 4345 reges,
1810 4269 1843 4324 et
1867 4279 1921 4324 res
1941 4254 2045 4345 gessit

91 4344 186 4429 uenti}
199 4342 299 4415 ‘³¹⁹5‘
314 4342 454 4423 P·¹⁵’q‘¹·.
486 4339 588 4420 lterum
602 4357 624 4423 '.
632 4338 736 4396 ΡΜ
738 4358 756 4393 ⁰
771 4342 813 4424 “³5
828 4343 854 4398 ¹¹¹
871 4343 1008 4427 M‘¹·.⁶t’⁵·
1060 4352 1154 4420 bello
1171 4352 1341 4441 egregias,
1367 4367 1485 4422 tamen
1500 4356 1660 4424 omnium
1685 4356 1843 4445 gentiam
1866 4381 1905 4424 ac
1928 4369 2043 4447 poste-

123 4414 200 4468 stolrs
211 4413 305 4467 select.
318 4430 345 4495 p.
354 4411 396 4467 69.
407 4421 433 4463 et
447 4428 474 4463 ιιι
490 4410 538 4463 hb.
550 4408 570 4461 l.
581 4418 659 4478 cptst.
669 4410 742 4476 ets.
751 4409 825 4476 (edat.
833 4412 923 4467 hond.
931 4414 978 4468 hb.
988 4413 1008 4472 l.
1379 4442 1382 4447 ·

124 4482 385 4554 ep.tfi.),‹temque
403 4477 741 4550 epudsehtttoettorgum
760 4480 843 4550 paz
860 4508 895 4523 ..
929 4481 1009 4556 ⁸1¹⁰·
1060 4453 1175 4522 citatis
1197 4454 1302 4523 etiam
1324 4478 1480 4524 amorem
1506 4452 1573 4526 hoc
1593 4459 1738 4525 nominc
1765 4459 1947 4548 praecipue
1970 4480 2044 4525 me-

123 4549 247 4623 graphon
264 4551 292 4603 in
305 4548 368 4604 cod.
381 4546 450 4605 Bar.
462 4546 496 4599 ll.
515 4565 541 4619 p.
555 4542 617 4599 758.

91 4689 291 4765 crenissi
298 4715 364 4758 mo
387 4682 512 4781 Regi
542 4682 750 4791 Anglio'e
782 4682 987 4792 Philippos
1096 4687 1392 4755 ¹)⁶‘'⁸'¹''¹⁸11⁸'⁶²'2'¹'tm
1409 4688 1496 4745 Mart.
1517 4700 1542 4744 0¹
1556 4690 1637 4746 peu0·

401 4784 629 4859 Melonthon
1093 4771 1505 4921 gffgzsmcfflssssatlpwssi

95 4925 141 4998 D.
184 4922 414 4996 Serenissime
429 4948 500 5009 rex,
523 4937 558 4993 et
573 4923 716 4992 domine
731 4925 1010 5008 clementissime,
1094 4941 1125 5005 t)
1142 4941 1216 4993 nitu
1227 4900 1345 4998 divinitis
1364 4899 1420 5000 noir
1433 4945 1562 5021 teguntur
1575 4948 1603 5003 in
1616 4947 1680 5007 cod.
1694 4948 1756 5004 Bar.

91 5030 101 5096 i
117 5052 173 5095 me
189 5028 360 5120 quaedam
376 5025 600 5112 gravissimae
621 5048 743 5094 causae
762 5022 1009 5120 hortabantur,
1072 5018 1078 5024 ’
1095 5022 1123 5090 ⁵)
1141 5026 1222 5092 lonae
1236 5028 1345 5097 negem
1359 5034 1480 5086 auorum
1495 5032 1581 5087 nunt.
1596 5044 1623 5088 et
1637 5031 1719 5088 Peuc.

91 5131 200 5200 iteras
216 5129 261 5198 ad
276 5125 324 5200 R.
341 5124 395 5195 M.
411 5124 455 5196 T.
478 5127 618 5210 darem,
650 5140 686 5196 et
705 5141 790 5199 nota
810 5128 901 5201 mihi
922 5150 1012 5206 esset
1094 5108 1125 5249 ἒ)
1143 5110 1478 5219 ΜηΙἺΜΜΫΜχ
1536 5201 1543 5215 ,
1610 5202 1646 5217 ..

1114 5200 1125 5264 )
1142 5200 1182 5249 ed
1193 5208 1339 5251 coerceam
1347 5234 1383 5244 -
1399 5206 1507 5270 studea]
1521 5222 1562 5257 src
1574 5203 1646 5255 eduh
1658 5223 1673 5257 e
1684 5203 1747 5257 cod.
1759 5202 1822 5257 Bar.
1837 5212 1863 5257 et
1871 5204 2045 5272 sentencia,

91 5302 234 5314 .......
1131 5267 1179 5319 aed
1191 5266 1327 5351 Manlius:
1344 5272 1384 5321 ad
1395 5274 1542 5353 spet‘etctes
1554 5274 1736 5356 relationum,
1752 5274 1855 5358 struitis.
1891 5273 2047 5331 Peucerata

111 5393 248 5448 Antonius
263 5391 382 5458 Barnea,
399 5387 512 5461 Angitu-
1099 5377 1101 5381 Ι
1134 5338 2045 5482 deeu‘dle‘lt‘gffnehwgceldieth‘ddli'odeereddin'dTCnTTeuhhrTTa'cTim

1158 5473 1255 5547 55*
