4522 5760
122 250 213 375 reo·
291 238 294 243 ’
701 245 1140 335 nmsronnnuu
1170 248 1297 327 utu.
1330 248 1395 323 vt
1447 248 1582 331 1⁵³4.
2079 250 2156 329 rso

121 438 273 519 propter
288 424 498 515 dignitatem
512 437 654 495 nostrae
668 423 893 495 contritionis
908 447 970 493 seu
982 446 1151 514 operum,
1175 424 1238 495 sed
1253 418 1442 517 tantum⁶’)
1458 418 1571 518 pcr⁶⁸)
1593 424 1869 497 misericordiam
1891 439 2037 519 propter
2045 420 2153 497 Chri-

122 541 236 609 stum,
262 521 406 623 quae⁶⁹)
423 527 511 613 fide,
535 522 687 611 horest,
712 526 840 596 fiducie
854 520 989 597 Christi
1006 519 1296 616 apprehenditur.
1348 524 1391 597 ln
1406 520 1661 604 hac'seuteutia
1684 527 1890 598 clarum-est
1914 552 1990 599 non
2012 527 2151 603 excludi

121 628 221 701 bena
243 653 368 723 opera,
399 630 460 697 sed
483 628 590 698 aliam
612 651 753 697 causam
777 627 994 696 remissionis
1017 640 1240 717 peccatorum
1266 629 1388 719 quaeri
1405 641 1535 698 certam
1550 642 1584 697 et
1598 628 1840 702 sufficientem.
1890 627 2038 700 Constat
2053 629 2149 698 enim

121 728 164 801 in
177 731 272 800 veris
286 730 478 822 pavoribus
494 755 569 799 non
584 752 685 822 posse
701 730 834 821 opponi
847 742 966 798 nostra
976 723 1020 823 ⁷⁰)
1037 728 1131 799 bona
1148 753 1252 819 opera
1268 730 1341 798 irae
1357 754 1396 798 ac
1413 729 1544 798 iudicio
1560 727 1638 801 Dei.
1689 727 1758 798 llic
1771 730 1936 801 meritum
1951 756 2025 800 non
2051 731 2149 801 tolli·
2254 745 2258 756 ‘

122 844 203 918 tur,
230 832 314 925 quie
338 854 404 900 nos
426 827 520 900 nihil
541 853 702 922 agamus,
728 831 789 899 sed
812 843 853 900 ut
876 830 1112 920 intelligatur,
1135 826 1434 925 quomodo²¹).sit
1456 844 1548 900 certa
1563 831 1740 915 remissio;
1767 831 1797 898 si
1813 833 1906 902 enim
1923 835 2092 923 penderet
2106 857 2173 902 εκ·

122 932 295 1023 dignitate
309 932 534 1004 contritionis
550 947 709 1016 nostrae,
730 926 829 1002 lieret
844 931 988 1004 incerta.
1039 928 1250 1025 Deniqne⁷²)
1267 933 1310 1000 de
1325 927 1393 1000 hoc
1408 932 1555 1002 articulo
1579 933 1622 1000 de
1631 928 1672 1027 ⁷³)
1695 933 1902 1002 remissione
1925 939 2148 1023 peecatorum

122 1033 285 1105 existimo
313 1035 428 1104 bonos
449 1059 490 1104 ac
511 1036 702 1126 prudentes
725 1033 826 1102 facile
848 1056 949 1123 posse
971 1033 1180 1115 convenire,
1211 1046 1349 1103 tantum
1373 1056 1447 1106 non
1471 1029 1708 1103 adhibeantur
1727 1029 1889 1103 homines
1908 1037 2057 1121 morosi,
2083 1037 2148 1129 qui

118 1128 260 1208 hebent
272 1138 462 1225 depravata
478 1136 608 1206 iudicia
624 1160 664 1207 ex
681 1129 898 1204 scholasticis
911 1130 1206 1227 opinionibus⁷⁴).
1259 1130 1449 1230 [Arbitror
1463 1136 1558 1204 enim
1581 1159 1704 1203 omnes
1726 1135 1919 1223 prudentes
1937 1138 2148 1228 probaturos

119 1258 197 1308 ese
208 1231 306 1308 hunc
321 1238 521 1324 articulum,
546 1239 643 1332 qnod
656 1235 815 1307 remissio
829 1248 1053 1328 peccatorum
1067 1234 1248 1324 contingat
1262 1235 1341 1319 tide,
1367 1235 1404 1303 id
1418 1248 1483 1329 est,
1506 1237 1634 1307 fiducia
1649 1236 1687 1304 in
1696 1231 1890 1322 Christum,
1915 1261 1988 1307 non
2003 1251 2148 1332 propter

120 1333 449 1436 ncsuaopera.]⁷⁵)
756 1373 759 1377 ·
1121 1362 1124 1366 '
1929 1364 1931 1369 ·

224 1435 328 1511 Alter-
348 1441 518 1510 articulus
539 1442 582 1509 de
605 1436 788 1536 dignitate
810 1439 986 1511 bonorum
1012 1460 1158 1532 operum
1182 1437 1220 1506 iu
1240 1440 1495 1526 reconciliatis,
1534 1441 1640 1512 etiam
1664 1466 1760 1512 nunc
1782 1456 1939 1532 tempore
1960 1443 2072 1511 sactus
2094 1454 2147 1511 est

119 1540 286 1626 mollior,
309 1536 443 1636 qtria²⁵)
456 1566 579 1611 omnes
593 1543 665 1612 iarn
681 1544 896 1627 concedunt,
921 1541 1017 1635 quod
1033 1535 1194 1609 homines
1209 1542 1333 1631 procul
1352 1543 1469 1613 absint
1486 1568 1506 1613 a
1527 1543 1741 1634 perfectione
1763 1543 1860 1634 legis.
1912 1541 1995 1612 ldeo
2020 1565 2147 1612 conce·
2256 1611 2258 1615 ,

119 1640 216 1715 dunt
231 1643 336 1714 etiam
350 1645 508 1713 saniores
522 1646 618 1735 apud
631 1646 851 1715 adversarios
859 1641 922 1741 7Τ),
947 1638 1110 1712 homines
1125 1642 1369 1733 principaliter
1384 1643 1511 1727 iustos,
1537 1645 1573 1713 id
1595 1658 1662 1728 est,
1689 1658 1846 1735 acceptos
1868 1668 1941 1713 esse
1964 1645 2051 1729 fide,
2076 1639 2144 1714 hoc

120 1757 185 1828 est,
204 1744 335 1816 fiducia
348 1745 609 1815 misericordiae
623 1743 867 1840 promissae⁷⁸)
884 1757 1028 1837 propter
1041 1738 1238 1828 Christum,
1262 1757 1295 1813 et
1311 1740 1457 1836 quod⁷⁰)
1469 1746 1530 1814 illa
1547 1741 1726 1835 inchoatio
1742 1746 1828 1834 legis
1835 1741 1879 1841 βο)
1897 1746 1935 1815 in
1950 1746 2054 1815 nobis
2067 1746 2145 1839 pla·

120 1859 217 1931 teat,
241 1869 317 1916 non
329 1843 462 1942 qnin⁸¹)
477 1843 598 1943 legi⁸²)
612 1848 818 1932 satisfaciat,
842 1849 903 1916 sed
922 1845 1005 1938 qnia
1017 1838 1058 1936 ω)
1078 1868 1229 1935 persona
1250 1859 1302 1914 cst
1322 1846 1546 1917 reconciliata
1571 1844 1663 1944 in⁸⁴)
1686 1842 1839 1919 Christo.
1897 1844 2035 1918 Omnes
2058 1871 2144 1937 pru-
2204 1880 2211 1889 ·

119 1947 244 2018 dentes
259 1949 330 2017 iam
344 1962 556 2040 agnoscunt,
580 1963 743 2041 oportere
756 1949 841 2019 addi
857 1949 901 2016 de
918 1948 1005 2030 fide,
1029 1946 1125 2037 quod
1140 1946 1355 2016 reconciliati
1372 1949 1556 2040 praecipue
1578 1949 1759 2040 placeant,
1783 1973 1856 2018 non
1869 1963 2014 2040 propter
2026 1949 2145 2038 digni-

117 2059 229 2120 tatem
247 2074 415 2141 operum,
447 2052 508 2120 sed
530 2051 600 2120 fide
622 2064 767 2142 propter
781 2045 975 2121 Christum.
1026 2044 1134 2130 „Hoc
1158 2046 1188 2114 si
1209 2045 1488 2145 concedatur⁸⁵)‚
1509 2065 1628 2142 postea
1644 2051 1745 2120 facile
1758 2064 1810 2120 cst
1825 2051 2014 2134 iudicium,
2041 2051 2144 2142 quale

118 2150 197 2234 „sit
210 2151 377 2220 meritum
393 2176 552 2243 operum,
569 2166 604 2221 et
618 2152 762 2244 quidem
773 2151 915 2241 prodest
925 2162 1043 2240 postea
1056 2148 1158 2217 valde
1173 2172 1298 2237 augere
1315 2164 1420 2243 atque
1435 2176 1561 2221 ornare
1578 2153 1784 2242 dignitatem
1799 2153 2145 2242 bonornmoperum,

118 2251 242 2336 „sicut
257 2266 291 2322 et
298 2247 343 2345 ⁸⁶)
359 2254 532 2343 scriptura
547 2254 649 2322 valde
664 2247 838 2348 ornat⁸²),
863 2253 971 2321 modo
987 2262 1029 2319 ut
1046 2249 1105 2318 ille
1123 2271 1247 2339 scopus
1261 2252 1359 2341 prins
1376 2266 1556 2335 teneatur,
1581 2256 1676 2347 quod
1690 2254 1851 2323 remissio
1866 2269 2088 2344 peccatorum
2101 2248 2144 2350 ⁸⁸)
2254 2260 2257 2266 '

118 2349 346 2450 „propter⁸⁹)
363 2351 546 2425 Christum
561 2354 741 2442 contingat
755 2354 950 2444 perfidem.
989 2348 1093 2434 ltem,
1120 2353 1214 2442 quod
1228 2346 1314 2421 haec
1331 2378 1436 2444 opera
1451 2354 1621 2445 placeant,
1640 2380 1715 2425 non
1731 2354 1813 2448 quia
1831 2355 1902 2445 legi
1919 2356 2144 2439 satisfaciant,

115 2454 208 2539 „sed
222 2455 304 2548 quia
319 2478 490 2546 personae
503 2456 647 2524 credant
659 2449 802 2524 Christo
813 2448 871 2547 90).
921 2452 1066 2522 Necesse
1084 2466 1136 2520 est
1158 2453 1254 2521 enim
1280 2454 1354 2544 pias
1376 2469 1511 2525 mentes
1534 2473 1656 2527 eontra
1676 2457 1955 2548 desperationem
1977 2480 2143 2551 praemu-

114 2554 239 2641 ffniri,
260 2570 295 2626 et
308 2558 446 2641 doceri,
471 2557 649 2648 quomodo
666 2555 803 2647 placeat
816 2548 953 2647 haec⁹¹)
974 2565 1095 2623 nostra
1115 2554 1328 2625 obedientia.
1381 2554 1446 2627 Illa
1460 2553 1748 2653 conveniunt⁹²),
1768 2560 1862 2651 quod
1878 2557 2010 2628 iustitia
2026 2558 2142 2628 bono-

87 2730 90 2743 ,
113 2678 229 2745 ,rum
240 2680 388 2748 operum
403 2680 465 2727 seu
479 2659 593 2727 bonae
610 2658 845 2727 conscientiae
858 2656 905 2724 sit
916 2654 1127 2737 necessaria,
1152 2656 1250 2747 quod
1267 2656 1422 2748 Spiritus
1436 2671 1578 2729 sanctus
1599 2661 1702 2730 stetur
1723 2661 1763 2729 in
1789 2653 1916 2752 ipsa⁹³)
1937 2659 2143 2731 remissione

114 2771 393 2851 „peccatorum
415 2759 513 2851 quod
527 2771 688 2850 oporteat
699 2757 904 2829 mortificari
919 2769 1072 2825 veterem
1085 2750 1284 2840 hominem,
1309 2773 1344 2828 et
1360 2784 1512 2830 crescere
1528 2763 1720 2832 novitatem
1737 2760 1912 2851 Spiritus,
1948 2761 2043 2854 quod
2056 2760 2141 2852 Spi-

112 2859 237 2944 „ritns
258 2873 399 2928 sanctus
419 2883 493 2928 non
519 2874 659 2929 maneat
679 2860 718 2927 in
743 2855 818 2944 his,
844 2858 908 2952 qui
930 2856 1155 2927 committunt
1174 2860 1338 2929 mortalia
1360 2875 1519 2951 peccata,
1543 2858 1612 2933 hoc
1627 2876 1692 2947 est,
1717 2866 1807 2933 facta
1823 2862 2142 2933 contraconscien-

111 2959 237 3044 fitium
254 2974 289 3030 et
313 2976 436 3031 contra
456 2959 664 3049 legem-Dei.
717 2959 806 3030 Item
830 2961 926 3053 quod
948 2959 1102 3028 liberum
1124 2960 1310 3029 arbitrium
1333 2962 1468 3055 aliquid
1494 2948 1573 3052 egat
1594 2965 1634 3035 in
1656 2965 1821 3036 cavendis
1840 2964 1972 3036 talibus
1993 2963 2141 3038 delictis.

110 3056 235 3146 „item
254 3063 350 3154 qnod
373 3062 562 3131 adiuvetur
577 3087 597 3130 a
614 3061 751 3152 Spiritu
766 3075 903 3146 saneto,
926 3073 966 3132 ut
980 3052 1152 3154 caveat⁹⁴)
1166 3061 1249 3129 talia
1265 3057 1479 3158 delicta.·'⁹⁵)

218 3156 341 3233 Sihoc
356 3164 464 3231 modo
480 3162 692 3251 colligantur
710 3188 766 3248 ea,
792 3186 883 3256 quae
898 3159 1134 3243 conveniunt,
1157 3185 1288 3253 paucae
1301 3166 1561 3236 coutroversiae
1574 3166 1730 3260 reliquae
1747 3178 1862 3238 eruut.
2202 3247 2205 3260 ¹

116 3326 120 3331 .
216 3261 336 3349 „Nam
361 3263 401 3331 in
424 3259 640 3334 scholasticis
662 3265 892 3357 opinionibus
911 3259 979 3331 hoc
1002 3261 1190 3353 praecipue
1205 3260 1458 3356 reprehensum
1474 3280 1542 3353 est,
1566 3270 1661 3360 quod
1677 3263 1798 3338 dehac
1812 3267 1899 3350 fide,
1924 3267 1968 3335 de
1993 3290 2062 3359 qua
2086 3267 2141 3336 lo·

107 3362 269 3458 „quitur
293 3361 443 3450 Paulus,
476 3389 566 3458 quae
588 3367 660 3455 agit
683 3359 873 3462 aliquid⁹⁸)
893 3363 932 3432 in
954 3363 1161 3433 remissione
1177 3378 1399 3455 peccatorum
1414 3381 1448 3437 et
1463 3369 1702 3458 pacificatione
1715 3368 1966 3454 conscientiae,
1988 3368 2142 3438 mentio·

110 3476 226 3553 „nem
239 3489 383 3558 prorsus
393 3459 432 3562 *)
446 3468 584 3538 nullam
599 3468 747 3539 faciunt.
799 3466 887 3538 ltem
901 3466 998 3560 quod
1012 3463 1208 3547 somniant,
1241 3462 1424 3537 ltominem
1438 3493 1539 3560 posse
1553 3470 1622 3561 legi
1633 3469 1702 3542 Dei
1716 3472 1931 3554 satisfacere,
1957 3483 1991 3540 et
2008 3469 2141 3575 iustum
2192 3535 2198 3543 .

112 3652 332 3672 *ι-

114 3801 121 3819 ·
145 3757 193 3826 67)
210 3756 295 3814 Pfflss·
309 3769 415 3823 Mum»
435 3757 549 3815 s⁰f¹²⁸⁸⁸
562 3776 593 3813 0¹
606 3758 718 3815 mendo.
1185 3769 1231 3837 84)
1248 3773 1277 3824 in
1293 3771 1368 3825 abest
1382 3791 1397 3826 e
1410 3770 1502 3829 soto.
1521 3781 1547 3826 et
1561 3772 1623 3827 cod.
1636 3771 1718 3827 Mon.
1734 3800 1771 3818 -
1805 3765 1876 3823 cod.
1888 3763 1972 3820 Goth.
1991 3782 2043 3830 per
2056 3765 2140 3820 Cleri·

143 3842 194 3915 ⁶8)
212 3842 304 3898 Sehw.
316 3852 446 3910 propter.
1216 3848 1303 3901 stum,

117 3914 123 3921 ’
141 3924 192 3999 89)
209 3922 271 3983 Col.
287 3927 351 3983 Per.
363 3925 449 3983 Peuc.
464 3936 491 3982 et
505 3946 530 3982 c.
545 3924 698 3995 Gothori.
1182 3923 1229 3993 85)
1246 3922 1588 3980 coenomanorum.

141 4008 192 4081 70)
209 4020 312 4065 nostra
323 4013 397 4066 abest
409 4030 424 4064 a
438 4030 462 4067 e.
474 4010 554 4064 Mon.
1183 4010 1230 4074 86)
1249 4019 1278 4064 et
1290 4011 1391 4066 aborta
1407 4011 1470 4067 cod.
1483 4012 1564 4065 Mon.

119 4114 123 4133 ·
142 4093 193 4163 71)
215 4092 285 4149 Cod.
301 4092 386 4147 Goth.
404 4096 614 4162 intelligemus,
630 4108 714 4161 puae.
1181 4093 1228 4162 87)
1248 4094 1331 4150 Peuc.
1345 4104 1373 4150 et
1384 4095 1446 4151 Per.
1457 4104 1584 4150 ornatur.

116 4226 120 4233 .
141 4179 191 4246 72)
210 4178 315 4236 Vmber
343 4179 459 4233 Constat
473 4180 548 4233 emin
561 4206 596 4219 -
612 4209 648 4222 -
663 4204 694 4219 -
706 4177 822 4231 ineerta.
853 4175 997 4246 Denique,
1012 4174 1105 4235 δώῃ.
1181 4176 1227 4242 88)
1246 4176 1316 4232 Cod.
1330 4177 1410 4232 Mon.
1426 4178 1621 4231 reconctttbtto.

179 4246 369 4321 Pm¹³f¹¹¹3⁸3h
1181 4261 1227 4326 89)
1245 4261 1330 4316 Penc.
1350 4270 1376 4314 et
1396 4259 1460 4316 cod.
1481 4258 1565 4315 Goth.
1581 4275 1649 4327 ρης
1673 4258 1772 4313 coleh.
1794 4267 1821 4312 et
1839 4256 1903 4312 Pes.
1919 4268 2034 4325 propter
2055 4260 2135 4316 CM.

143 4330 193 4402 78)
210 4332 303 4392 Schrv.
319 4341 377 4387 toto
388 4336 434 4388 de.
1085 4336 1097 4359 '
1216 4338 1293 4384 stum
1307 4349 1364 4383 non
1377 4328 1488 4385 babent·

118 4442 122 4449 '
141 4416 194 4486 74)
213 4432 252 4470 ‘²
264 4418 351 4470 *Μ
367 4417 442 4481 ⁰Vl'l·
458 4432 516 4468 ¹¹⁰⁰
528 4413 608 4468 h³l³⁸¹
621 4412 712 4470 selm-
1181 4428 1228 4498 90)
1246 4428 1337 4495 Item,
1354 4432 1429 4498 quod
1445 4436 1497 4483 ete.
1513 4425 1576 4484 cod.
1590 4425 1669 4481 Mon.
1686 4442 1743 4479 non
1756 4423 1842 4478 babet.

208 4503 281 4558 llaec
292 4502 374 4557 uncis
391 4500 509 4566 inclusi,
534 4501 598 4572 quia
616 4499 805 4554 desiderantur
823 4521 838 4556 e
858 4500 974 4558 .Schw.
992 4502 1021 4557 in
1041 4505 1106 4561 cod.
1182 4529 1232 4596 91)
1250 4532 1320 4582 hm
1330 4529 1404 4583 ,besl
1417 4546 1431 4581 ἃ
1446 4527 1507 4583 ωδ,
1519 4525 1601 4581 Mon·
1670 4550 1674 4557 .

213 4591 257 4625 on.
265 4582 346 4642 atque
357 4571 384 4624 in
394 4589 462 4623 vers.
472 4569 566 4624 Viner.
576 4580 602 4624 et
610 4568 794 4624 seriusaddita
802 4569 827 4623 vi
847 4581 937 4627 entur.
961 4571 1106 4630 Caeterum
1537 4630 1544 4642 θ

178 4660 231 4715 pro
247 4657 332 4708 opera
344 4638 407 4694 Col.
423 4639 536 4691 merita.
688 4660 696 4674 ·
1178 4628 1224 4700 92)
1241 4628 1311 4683 Cod.
1326 4627 1412 4683 Goth.
1424 4633 1597 4681 convenient.
1607 4680 1615 4691 ,

141 4726 191 4797 76)
209 4724 396 4794 sclav-11⁰⁰&-
1178 4728 1224 4800 98)
1242 4731 1304 4796 apsa
1318 4726 1392 4781 addit
1406 4713 1468 4780 eod.
1482 4724 1580 4792 Mon,
1599 4722 1627 4778 in
1641 4720 1753 4794 reliquis
1767 4742 1822 4777 non
1836 4721 1944 4797 legitur.

140 4810 191 4881 77)
209 4813 297 4866 etaiam
308 4826 373 4863 san.
385 4827 433 4877 op.
446 4810 511 4862 ado.
525 4824 581 4860 non
593 4805 693 4860 habent
708 4805 798 4879 Schn.
811 4786 879 4864 etc.
891 4807 973 4867 Mon.
1179 4830 1225 4901 94)
1244 4829 1314 4886 cop,
1327 4826 1411 4883 (3011,⁴
1423 4828 1594 4879 “dmm
1606 4843 1625 4877 α
1638 4821 1689 4892 Sp·
1705 4820 1737 4876 ς,
1753 4833 1785 4876 „3
1797 4841 1959 4879 mmmm·
2071 4850 2074 4855 .

139 4896 328 5020 affirm
343 4894 477 5016 fflnm'
497 4909 556 4947 m
575 4889 655 4947 mm
673 4891 763 4948 sehw'
779 4925 814 4997 “,
842 4896 1004 5005 minisim
1021 4894 1104 5012 ‘iim
1180 4930 1227 5000 95)
1245 4926 1349 4983 Omnia
1368 4925 1453 4997 signis
1468 4962 1487 4997 „
1504 4962 1522 5008 η
1539 4931 1631 4978 nehta
1651 4941 1708 4977 non
1728 4921 1809 4976 habet
1828 4921 1978 4979 Schwebel.
2026 4926 2073 4981 sed
2087 4892 2165 4982 a..

362 5051 368 5063 ·
1215 5005 1288 5052 stent
1305 5015 1348 5066 ap.
1368 5005 1488 5065 ceteros,
1513 5004 1577 5046 rtem
1597 4991 1625 5053 in
1644 5009 1711 5044 vers.
1728 4989 1821 5072 Vinar.
1842 4991 1914 5044 etin
1936 4961 2001 5046 coti.
2019 4991 2151 5054 Meum·

140 5048 192 5119 ῃ)
208 5046 302 5105 sehw'
319 5054 441 5118 ''md‘m‘
718 5116 722 5123 -
784 5118 789 5129 .
813 5108 816 5113 ·
1031 5098 1034 5105 ·
1215 5083 1369 5138 quanquam
1394 5063 1440 5121 hir
1464 5070 1563 5116 testum
1580 5059 1672 5116 Schw.
1698 5069 1828 5130 sequatur.
1878 5059 1954 5114 ldem
1979 5062 2074 5120 attinet
2100 5067 2133 5122 ad

140 5134 189 5204 ω)
204 5135 274 5211 Ῑέσῗθ
286 5132 434 5188 mittite!
449 5131 541 5191 θὼν·
724 5204 729 5213 Ι
800 5192 803 5197 ,
845 5188 847 5193 ,
999 5208 1002 5213 ¹
1214 5131 1567 5202 verbamoxseqq.eodem
1581 5127 1659 5199 signo
1674 5137 1774 5183 notata.

140 5218 191 5286 81)
208 5216 300 5276 stiffi
316 5220 400 5287 ΨΜ·
825 5278 829 5291 ,
959 5295 963 5303 ,
1006 5260 1052 5307 ”t
1181 5233 1303 5360 ffipcol.
1326 5240 1353 5286 et
1366 5228 1429 5286 Pe's.
1450 5247 1500 5303 pro
1521 5231 1581 5297 epit
1600 5230 1707 5300 aliquid
1724 5228 1822 5285 babent
1842 5228 2000 5313 nereum
2012 5242 2069 5300 ert,
2085 5237 2133 5291 red

140 5304 189 5373 82)
206 5304 378 5373 tegtabesta
393 5301 520 5359 Schmet
535 5298 654 5356 anton.
828 5347 860 5381 Ι,
941 5344 944 5348 .
1149 5330 1157 5343 ·
1239 5322 1300 5359 erc.
1317 5300 1470 5357 codlden.
1485 5310 1596 5356 etrus.
1609 5315 1696 5371 germ·
1710 5300 1771 5367 agit
1785 5299 1903 5370 aliquid.

140 5390 395 5463 msebmuod.
1049 5474 1053 5483 ἱ
1152 5384 1614 5534 '&pragnesiCalah-‚platte-=
1716 5400 1719 5405 '
1781 5400 1785 5407 '
1906 5404 1911 5411 ·
