4522 5760
54 186 161 287 imi

910 374 946 435 2.
957 364 1054 435 Dea.

50 359 256 487 ecee
912 456 1052 485 e..

69 496 115 511 ''
158 522 275 615 aaa
291 525 495 612 aenon
517 522 581 610 aa
594 482 659 616 ιό.
673 488 955 614 manicam.

130 707 207 782 †ll.r
225 707 392 834 alognpho
410 704 506 762 Bellaii
523 705 552 761 in
569 704 668 763 tabet.
687 704 780 764 Vires.
797 706 866 781 Reg.
880 707 915 763 ll.
944 706 997 762 tot.
1011 708 1056 763 97.

164 795 213 833 no.
300 822 302 826 »

54 930 407 1016 Reverendissirnis,
432 929 656 1022 Illustriss.,
676 933 882 1028 generosis,
904 931 1055 1028 magni-

50 1034 141 1131 ficis
153 1045 186 1108 et
205 1033 467 1135 spectabilibus
485 1033 645 1133 inclytae
669 1032 960 1108 Germaniae
981 1058 1056 1105 or-

59 1136 256 1211 dinibus
278 1136 324 1207 in
342 1131 784 1236 oppidaSmallcald
802 1161 1057 1232 congrega·

160 1240 243 1329 tis,
267 1236 429 1311 dominis
448 1237 528 1310 suis
549 1263 688 1339 semper
707 1235 956 1315 observandis.

59 1352 394 1461 Reverendissimi,
425 1370 627 1459 lllustriss.,
662 1374 842 1465 generosi,
879 1372 1057 1465 magnifici

60 1488 97 1548 et
112 1477 319 1571 spectabiles
340 1476 496 1563 domini,
513 1476 666 1545 domini
681 1471 772 1546 mihi
786 1500 923 1568 semper
935 1477 1057 1546 obser-

60 1578 184 1652 vandi.
235 1576 359 1667 Quum
381 1577 610 1648 intellexisset
630 1572 944 1648 christianissimus
965 1575 1058 1663 Rex,

61 1679 232 1750 dominus
255 1703 375 1765 meus,
415 1692 630 1751 conventum
653 1704 675 1749 a
700 1680 802 1749 vobis
824 1678 994 1751 celebrari
1017 1677 1058 1761 in

60 1780 196 1875 oppidb
221 1774 428 1851 Smattatd
441 1782 485 1851 de
506 1780 644 1873 magnis
664 1793 699 1852 et
721 1781 842 1851 arduis
864 1782 989 1866 rebus,
1024 1793 1058 1852 et

59 1906 139 1952 non
151 1906 276 1977 parum
292 1885 336 1952 ad
348 1883 528 1975 publicam
534 1877 756 1954 Christianae
767 1882 982 1975 reipublicae
992 1905 1058 1974 pa-

60 2006 140 2057 cem
153 1998 188 2056 et
200 1984 496 2078 tranquillitatem
518 1983 776 2076 spectantibus,
806 1982 907 2054 cuius
921 2006 1058 2075 semper

60 2110 105 2157 ex
119 2086 240 2157 animo
254 2086 325 2157 fuit
339 2085 634 2173 studiosissimus,
664 2087 709 2156 ad
726 2086 878 2157 eundem
897 2109 955 2155 mc
971 2109 1059 2155 con-

60 2198 212 2261 ventum
226 2187 364 2260 dimisit
377 2208 458 2259 cum
468 2186 583 2257 literis
597 2186 641 2258 ad
656 2188 814 2279 singulos
823 2186 1058 2280 amplissimae

60 2302 199 2362 vestrae
215 2290 390 2362 societatis
412 2289 575 2375 ordines,
605 2301 639 2359 et
658 2289 834 2361 mandatis
851 2291 897 2360 ad
912 2287 1059 2359 univer-

61 2391 388 2489 sosuamplissimis,
427 2414 517 2485 quae
543 2402 585 2460 ut
611 2391 818 2487 priusquam
845 2390 1059 2462 dissolvatur

62 2507 260 2565 conventus
289 2490 497 2583 intelligatis
528 2514 741 2585 magnopere
768 2493 937 2563 interesse
960 2505 1058 2587 puto.

60 2591 189 2691 ltaque
208 2620 319 2691 quum
331 2590 391 2666 hic
412 2590 503 2665 aCl.
526 2589 594 2671 W
588 2588 722 2676 atlete,
753 2593 832 2664 viro
853 2593 1059 2680 clarissimo,

60 2694 327 2783 intellexerim,
360 2698 520 2767 futurum
545 2689 643 2765 hunc
664 2710 818 2768 vestrum
846 2709 1059 2767 conventum

20 2850 24 2857 ,
61 2798 208 2869 dierum
229 2801 400 2870 duntaxat
421 2818 480 2867 sex
508 2809 569 2867 aut
598 2811 751 2891 septem,
790 2798 1060 2889 significandum

60 2899 169 2970 vobis
184 2898 377 2972 adventurn
400 2922 520 2968 meum
536 2898 641 2985 duxi,
670 2924 803 2996 vosque
826 2900 931 2971 etiam
955 2914 1060 2994 atque

61 3001 173 3073 amm
190 3003 443 3086 obsecrandos,
469 2999 611 3070 comitia
624 3002 717 3072 utin
733 3001 870 3096 aliquot
885 3001 961 3071 dies
976 3025 1061 3094 pro-

60 3097 233 3190 erebatis,
256 3105 352 3175 dum
374 3124 437 3193 ego
459 3114 493 3172 et
515 3096 714 3177 Walteius
738 3104 783 3173 ad
807 3125 871 3175 vos
891 3125 1060 3198 propera-

60 3226 157 3277 mm.
839 3255 841 3259 ,

167 3300 480 3389 Reverendissimi,
502 3301 702 3391 lltustriss„
726 3302 903 3393 generosi,
922 3302 1062 3394 magni-

60 3405 125 3478 fici
140 3420 174 3477 et
188 3404 396 3498 spectabiles
410 3405 559 3491 domini,
585 3405 722 3475 domini
737 3399 828 3474 mihi
844 3428 981 3496 semper
994 3406 1061 3475 ab·

62 3508 252 3594 servandi,
290 3503 387 3577 Deus
411 3519 485 3598 opt.
510 3531 603 3576 max.
626 3508 788 3579 fortunas
813 3519 848 3577 et
872 3505 1061 3595 dignitates

62 3609 289 3700 singulorum
305 3622 339 3679 et
345 3607 594 3678 universorum
608 3622 750 3679 tueatur
762 3617 868 3703 atque
882 3608 988 3677 etiarn
998 3631 1062 3679 au·

61 3724 156 3803 geat.
203 3706 260 3781 Ex
269 3706 425 3780 Walleii
440 3711 587 3781 aedibus
599 3710 638 3779 in
653 3710 784 3780 tinibus
799 3704 1062 3801 Lotharingiae,

62 3813 128 3883 die
142 3810 190 3887 ll.
207 3811 404 3883 decembris
418 3808 470 3886 M.
483 3810 529 3882 D.
546 3808 697 3885 XXXV.
724 3810 883 3903 Raptim.

192 3909 443 4006 Amplissimos
455 3938 495 3983 ac
509 3926 649 3985 sanctae
665 3912 839 3985 societatis
850 3928 986 3985 vestrae

292 4014 571 4085 studiosissimus
597 4014 698 4087 etad
719 4010 920 4087 humillima
942 4012 1061 4086 omnia

194 4146 197 4151 ·
284 4116 451 4209 obsequia
468 4116 712 4208 paratissimus

595 4213 807 4289 Gulielmus
823 4211 999 4287 Bellaius

696 4313 886 4413 Longius.

68 4496 1066 4529 m

338 4772 341 4777 “
385 4754 521 4842 Mart.
542 4754 744 4841 Laetera.

91 4887 98 4905 “
138 4934 278 5009 τω.
297 4934 454 4991 neuneu.
474 4934 587 5007 psci.

263 5076 374 5158 Doct.
397 5074 620 5151 Martino
649 5069 867 5152 Lutbero.

66 5188 243 5282 Feliciter
257 5212 415 5284 conlecta
432 5235 505 5282 esse
522 5211 663 5303 negotia
677 5208 855 5302 Principis
871 5236 953 5284 cum
964 5208 1063 5304 Rege

61 5302 316 5395 ,Ferdinando
336 5337 527 5408 speramus.
578 5311 671 5385 Nam
687 5303 914 5383 Franciscus
935 5313 975 5384 in
997 5340 1062 5410 po-

629 181 1069 279 scrsrosanuu
1126 187 1234 264 ers.
1269 126 1358 263 vu
1398 152 1537 276 'csse

1998 192 2099 267 1006

1106 359 1246 431 strumis
1270 359 1390 453 literis·
1415 359 1554 452 scripsit
1582 359 1740 434 laetiora.
1803 360 1952 453 Scripsit
1978 365 2101 437 eadem

1106 457 1274 554 Princeps
1289 463 1333 531 ad
1346 453 1568 545 Paestanum.
1621 460 1709 541 Vidi
1724 474 1842 533 autern
1856 457 1984 535 Fabri
1998 489 2099 562 syco-
2184 482 2190 492 '

1106 558 1285 651 phantias3
1312 564 1374 633 sed
1389 562 1531 633 audiam
1546 556 1861 661 exFrancisc'o');
1886 561 2098 639 hodicenim

1105 686 1285 756 speramus
1306 666 1500 735 adventurn
1523 666 1706 758 principis.
1756 660 1941 737 Antonius
1960 669 2100 760 Anglus

1106 759 1175 834 huc
1188 766 1303 852 venit,
1334 768 1396 836 sed
1416 767 1578 837 nondum
1597 767 1747 838 salutavi
1763 792 1855 842 eum.
1906 767 1983 838 Iam
2002 772 2098 841 enim

1000 878 1003 883 '
1105 869 1210 936 redeo
1228 892 1269 936 ex
1284 866 1596 960 Anabaptist'arum
1613 867 1783 945 examine.
1830 867 2099 962 Disputavimus
2215 900 2219 909 ’

1107 970 1151 1037 de
1176 970 1335 1063 quinque
1357 969 1525 1042 articulis.
1589 967 1758 1041 sentiunt
1778 971 1875 1039 enim
1896 974 2038 1043 nullum
2059 975 2099 1045 iu

1106 1070 1303 1142 infantibus
1315 1083 1496 1162 peccatum
1509 1092 1600 1155 esse3
1623 1094 1699 1141 non
1711 1072 1817 1141 licere
1830 1068 2032 1155 christianis
2040 1098 2100 1165 ge-

1106 1195 1185 1241 rere
1205 1171 1470 1260 magistratum,
1508 1186 1573 1243 aut
1592 1172 1841 1243 iusiurandum
1863 1176 1964 1262 dare3
2004 1178 2103 1247 affir-

1108 1286 1208 1342 mant
1235 1296 1354 1343 rerum
1385 1274 1690 1361 commuuionem3
1736 1289 1868 1364 negant
1896 1277 2101 1369 coniugium
2129 1352 2136 1366 ,

1108 1397 1181 1443 esse
1215 1374 1311 1444 inter
1339 1370 1610 1466 Anabaptistam
1642 1388 1679 1446 et
1697 1374 2097 1470 Non-Anabaptistam.

1106 1473 1204 1549 Haec
1217 1499 1332 1549 crassa
1352 1477 1487 1567 expuli,
1510 1490 1552 1547 ut
1568 1478 1712 1566 coargui
1722 1492 1876 1570 possent.
1925 1477 2023 1549 Bene
2037 1504 2102 1551 va-

1108 1578 1152 1651 le.
1208 1576 1367 1650 Salutem
1382 1578 1477 1648 dices
1490 1578 1579 1650 meis
1592 1581 1712 1651 verbis
1734 1575 2000 1652 honestissimae
2015 1605 2102 1653 con·

1106 1677 1184 1768 iugi
1205 1691 1304 1764 tuae,
1333 1678 1378 1754 D.
1398 1674 1535 1763 Ionae,
1571 1678 1618 1756 D.
1637 1674 1857 1755 Pomerono.
1914 1680 2019 1755 lenae
2041 1682 2100 1755 die

1210 1880 1318 1952 lonae
1344 1883 1495 1955 scribam
1522 1883 1682 1977 proxime
1709 1884 1921 1975 denegatio
1945 1878 2103 1956 Antonii
2153 1888 2156 1893 ’

1108 1976 1265 2058 Musae.

1108 2232 1176 2309 No.
1194 2234 1303 2309 teta.

1114 2328 1288 2363 Μ

1973 2241 2022 2323 (h.
2037 2241 2077 2323 t)

1959 2331 2101 2360 M

1452 2385 1519 2473 Io.
1544 2318 1761 2473 Marcello.

1144 2532 1165 2597 †
1178 2528 1219 2583 Er
1231 2528 1386 2603 apographo
1398 2527 1428 2582 iu
1443 2527 1506 2585 cod.
1519 2526 1632 2583 Moneo.
1644 2524 1688 2580 88.
1707 2545 1755 2584 uo.
1769 2526 1818 2583 tt.
1841 2545 1870 2601 p.
1881 2525 1970 2583 teth.
2048 2608 2051 2615 1

1108 2668 1298 2745 Doctrina
1321 2680 1353 2743 et
1370 2665 1740 2788 virtutepraestanti,
1770 2661 1826 2744 D.
1843 2664 2104 2754 Marcello,

1430 2796 1550 2847 amero
1570 2795 1639 2843 suo
1655 2794 1784 2843 saress.

1110 2886 1158 2981 S·
1169 2906 1216 2984 D.
1265 2905 1346 2981 Etsi
1360 2906 1521 2979 conscius
1534 2899 1628 2975 mihi
1641 2927 1720 2975 sum
1732 2904 1984 2979 imbecillitatis
1997 2930 2106 2994 meae,

1111 3033 1238 3104 meque
1258 3032 1409 3100 agnomo
1430 3009 1544 3079 multo
1567 3008 1687 3076 verius
1707 3004 1879 3103 ἔκτρωμα
1902 3032 1976 3079 esse
1998 3032 2105 3101 quam
2216 3086 2221 3097 ,

1112 3125 1187 3184 erat
1202 3111 1344 3197 Paulus,
1366 3123 1496 3194 tamen,
1520 3108 1603 3198 εἰιςί
1618 3130 1704 3177 cura
1716 3131 1776 3177 me
1792 3108 1915 3178 salutis
1928 3105 2106 3180 Ecclesiae

1111 3229 1146 3286 et
1165 3209 1294 3285 harum
1317 3211 1543 3304 politiarum,
1584 3221 1745 3278 constare
1769 3210 1908 3301 opinor.
1965 3207 2015 3283 Et
2038 3206 2107 3282 hoc

1112 3339 1206 3386 enno
1237 3336 1313 3384 nou
1341 3312 1457 3383 solum
1484 3310 1669 3381 minentur
1698 3311 1804 3380 nobis
1835 3310 2000 3403 eclipses,
2045 3312 2107 3382 sed

1112 3418 1216 3488 etiam
1225 3404 1994 3513 notvapayptoabrasvariaenostroruffl).
2007 3410 2106 3485 Con-

1112 3519 1300 3608 iungamus
1314 3539 1396 3606 ergo
1411 3528 1513 3600 vota,
1545 3530 1580 3587 et
1593 3536 1795 3605 precemur,
1824 3528 1864 3586 ut
1879 3511 1976 3584 Deus
1994 3529 2107 3586 aeter·

1112 3643 1181 3691 nus
1193 3632 1293 3713 pater
1307 3615 1455 3689 Domini
1475 3615 1591 3687 nostri
1613 3613 1692 3686 LC.
1707 3616 1832 3702 faciat,
1860 3629 1900 3686 ut
1917 3611 2028 3686 ethic
2044 3638 2108 3686 ve-
2127 3684 2135 3705 ,

1112 3723 1216 3793 niens
1236 3743 1351 3792 annus
1372 3722 1509 3790 faustus
1532 3731 1567 3789 et
1588 3717 1696 3789 foelix
1718 3719 1765 3788 sit
1777 3715 1946 3805 Ecclesiis
1960 3713 2107 3804 Christi,

1113 3839 1150 3896 et
1165 3846 1286 3895 earum
1301 3818 1484 3914 hospitiis,
1516 3815 1620 3890 ethis
1636 3820 1767 3889 nostris
1784 3816 2038 3905 Academiolis,
2061 3818 2106 3889 'in

1114 3928 1244 4021 quibus
1267 3936 1370 3995 sonat
1392 3947 1460 3993 vox
1479 3921 1643 3994 omniurn
1667 3916 1895 3992 honestarum
1919 3921 2050 3992 artium
2070 3934 2106 3994 et

1114 4029 1295 4099 doctrinae
1317 4023 1487 4098 coelestis.
1538 4022 1626 4092 Tibi
1646 4021 1752 4091 etiam
1775 4036 1809 4091 et
1830 4035 1912 4094 tuae
1934 4023 2106 4094 domesti-
2213 4036 2222 4057 ‘

1113 4156 1172 4202 cae
1179 4129 1356 4202 Ecclesiae
1372 4150 1506 4197 annum
1521 4126 1677 4196 faustum
1693 4136 1727 4193 et
1738 4124 1897 4194 foelicem
1913 4139 2006 4218 opto.
2033 4123 2105 4195 Pro

1112 4232 1218 4304 xenio
1234 4231 1302 4301 tibi
1316 4229 1445 4319 gratias
1461 4249 1544 4317 ago,
1569 4227 1630 4295 sed
1640 4224 1773 4294 nollem
1789 4238 1860 4296 tam
1877 4226 2113 4318 splendidum,

1113 4355 1245 4403 munus
1258 4356 1278 4401 a
1293 4344 1327 4401 te
1341 4329 1454 4413 mitti,
1483 4343 1589 4421 teque
1603 4326 1727 4396 malim
1752 4321 1882 4398 habere
1902 4341 1984 4398 tuae
2002 4350 2105 4399 oecu-

1113 4434 1255 4504 nomiae
1277 4432 1464 4504 rationem.
1523 4426 1632 4517 Quod
1653 4450 1737 4497 vero
1759 4429 1803 4498 de
1829 4430 1916 4499 meis
1937 4429 2105 4513 lucubra-
2165 4486 2168 4491 .

1113 4536 1273 4608 tionibus
1294 4534 1435 4621 scribis,
1464 4529 1592 4601 iudicii
1617 4529 1858 4600 testimonium
1880 4554 1954 4601 esse
1972 4545 2104 4618 statu03

1114 4653 1207 4709 certe
1220 4659 1276 4707 res
1289 4636 1366 4728 pias
1381 4648 1415 4706 et
1427 4631 1637 4702 necessarias
1652 4630 1751 4700 volui
1772 4656 1979 4724 proponere.
2031 4631 2105 4703 Nee
2184 4660 2188 4669 ¹

1111 4740 1307 4810 lividorum
1329 4736 1459 4806 iudicia
1478 4756 1620 4818 moror,
1654 4734 1715 4802 sed
1734 4734 1824 4804 illud
1837 4728 2034 4803 Calirnachi
2053 4734 2105 4803 eis

1113 4842 1284 4912 dicamus:
1302 4833 1367 4911 tos
1373 4840 1504 4931 μῶμος
1514 4827 1767 4933 ἵναὸφθόρος
1778 4832 1876 4909 ἔνθα
1889 4827 2104 4931 etonem).

1110 4978 1315 4996 μ

1145 5031 1175 5103 *)
1197 5024 1333 5086 Excidisee
1346 5024 1535 5101 bicqnsedem
1549 5020 1685 5081 sidentur.
1719 5022 1884 5083 franciscus
1905 5032 1945 5082 est
1964 5025 2011 5081 er.
2027 5024 2102 5082 Bur·

1180 5100 1280 5168 eberd,
1300 5095 1479 5152 vinariensis.

1144 5189 1190 5260 ἢ)
1208 5187 1263 5242 Pro
1274 5194 1441 5240 nostrorum
1454 5178 1607 5237 emendarit
1617 5176 1732 5253 eliquia,
1759 5179 1808 5234 sed
1822 5178 1921 5255 inepte,
1932 5190 2086 5237 asum.

1146 5268 1376 5396 ᾝοῖὓιέιὸυὲδι
1387 5264 1565 5323 Melanthum
1578 5261 1678 5335 sulpte
1692 5280 1765 5318 suno
1779 5261 1856 5320 stes.
1876 5265 1974 5340 lenae,
1999 5266 2096 5321 ineunt

1169 5403 1305 5503 ¹ost
