4522 5760
54 196 136 309 θ*
629 220 1064 305 ners'roaanuu
1121 216 1230 295 aaa.
1265 216 1310 297 v.
1364 218 1492 299 1500,
1552 158 1555 163 ’
1620 250 1633 259 .
2006 212 2089 307 „q

55 400 178 490 uffl,
203 398 268 495 qui
291 410 434 491 putent,
458 410 494 469 et
507 384 718 472 baldenum
739 396 844 469 aliter
857 396 966 471 fuisse
983 396 1046 467 ad-
1078 392 1161 489 -qui
1185 393 1380 483 videbatur.
1410 478 1414 487 Ι
1435 390 1532 465 Haec
1548 392 1668 465 omnia
1689 394 1787 468 videt
1805 410 1865 469 tua
1882 400 2083 490 prudentia,

56 492 282 577 mm.
303 495 567 573 Ecclesiasticus
587 524 725 593 nupero
752 498 819 569 illo
844 497 987 581 libello,
1016 496 1046 567 si
1097 495 1153 565 vir
1167 495 1379 583 doctissime,
1402 518 1508 589 qrram
1524 495 1593 566 late
1609 510 1761 587 pateant.
1811 500 1868 569 Ad
1884 496 1952 571 ho'c
1967 504 2083 573 abun·

56 590 697 689 Μῃὴιὶωωίιᾶω,
720 612 761 675 ut
780 602 891 671 multa
907 598 977 669 alia
993 611 1047 670 ta-
1097 598 1143 666 de
1161 612 1322 689 expertus
1346 620 1399 678 es,
1430 620 1535 689 quam
1558 620 1684 691 parum
1701 596 2022 691 seriptishaetenus
2036 608 2082 675 ad

56 723 208 791 mus,
229 714 322 809 qnae
336 701 435 773 ineu
450 716 486 777 et
497 702 579 777 eliis
592 701 669 775 suis
682 700 822 798 seriptis
837 702 876 771 in
889 724 965 785 nos,
981 700 1048 769 sub
1096 698 1349 769 restituendam
1374 696 1468 766 inter
1490 720 1556 767 nos
1578 699 1801 787 concordiam
1822 704 2084 793 profecerimus,

56 826 205 877 m
223 802 459 879 mmm
482 818 519 879 a
531 794 808 887 bundenum,
833 814 973 897 praeter
986 826 1047 871 ve-
1097 825 1177 869 eum
1199 795 1382 897 colloquio
1408 798 1470 867 illo
1484 794 1733 895 Marpurgicd
1741 789 1936 903 quamlibet
1949 806 2081 877 tumul-

54 928 137 981 ῃ.
150 916 320 1001 tomen
337 904 489 979 videtur.
539 896 652 1003 Atqu
663 904 708 975 ds
720 904 850 1001 quibus
866 904 945 975 aliis
960 902 1049 975 arti-
1098 900 1212 971 tuario
1236 913 1272 970 et
1287 898 1411 990 longe,
1440 924 1547 993 quam
1564 902 1748 992 oportebat
1765 902 1916 975 intanto
1930 908 2082 997 negotio,

55 1004 149 1087 affl
165 1018 306 1101 p‘ruler
320 1018 403 1077 'rem
420 1000 639 1101 zwinglius
658 1000 727 1077 boe
750 1030 815 1077 suo
837 1006 968 1099 scripto
988 1017 1047 1075 tu·
1097 1003 1271 1085 breviori,
1303 1000 1444 1095 aliquid
1462 1014 1580 1070 tamen
1594 996 1833 1073 ¹dissensionis
1853 1006 2009 1096 positum
2026 1008 2083 1093 sir,

54 1106 266 1193 mltuetnr,
280 1124 356 1177 non
373 1106 545 1179 videmus.
579 1104 672 1177 Nam
689 1100 782 1177 nibil
800 1106 927 1197 attigit,
944 1106 1046 1201 'quod
1097 1118 1130 1173 et
1142 1104 1336 1199 reliquum,
1361 1116 1401 1172 ut
1418 1116 1537 1171 nostra
1559 1104 1833 1192 fertseuten'tia,
1856 1108 2009 1199 positum
2027 1108 2085 1178 in-

56 1219 133 1283 m
147 1220 252 1281 aulea
266 1208 371 1279 editis
383 1206 486 1279 libris
501 1208 599 1279 orbis
614 1208 746 1279 iudicio
761 1207 941 1281 obtulerit.
992 1202 1045 1277 Ea
1097 1203 1356 1286 dubiefulsset,
1383 1202 1412 1271 si
1432 1182 1591 1273 ¹licuisset
1612 1205 1740 1277 alteros
1754 1204 1988 1277 alterissuam
2002 1232 2084 1281 seu·
2203 1226 2208 1237 '

54 1308 186 1393 modo.
216 1322 410 1383 ennunto
427 1303 644 1381 Monarchae
660 1311 699 1379 in
715 1308 891 1401 praesenti
909 1302 1045 1379 theatro
1096 1306 1243 1377 tentiam
1259 1305 1387 1376 certius
1404 1318 1437 1375 et
1453 1306 1643 1375 dilucidius
1655 1298 1843 1397 exponere.
1891 1306 2086 1383 Perturba-

54 1410 140 1479 frdei
153 1412 335 1481 reddenda
349 1411 439 1481 ratio
452 1410 530 1495 fuit,
545 1410 792 1495 dissimulasse,
814 1411 901 1503 quid
917 1432 1046 1503 quaeso
1097 1406 1141 1477 tis
1158 1408 1206 1476 sie
1222 1408 1351 1475 animis
1367 1430 1448 1476 raro
1463 1406 1501 1473 id
1515 1404 1649 1505 legitur
1662 1410 1757 1501 qvidd
1774 1408 1959 1497 scribitur,
1984 1426 2029 1494 et,
2055 1412 2083 1483 si

53 1511 156 1581 aliud
168 1536 274 1603 quam
290 1508 402 1581 malae
419 1534 457 1581 se
471 1510 831 1605 ip'sumconseientiae
845 1510 1048 1581 insimulas-
1098 1510 1165 1599 legi
1186 1510 1384 1598 contingat,
1412 1509 1486 1577 fere
1507 1505 1577 1577 alio
1602 1516 1709 1600 quam
1727 1523 1777 1580 es't
1793 1510 2084 1603 interpretatione

55 1623 128 1697 set,
161 1622 197 1681 et
220 1606 339 1683 hostes
359 1614 404 1681 ad
426 1614 707 1705 persequendum
734 1614 829 1682 ultro
853 1604 1047 1701 fugientem
1097 1610 1319 1679 incommoda
1342 1608 1489 1699 rapitur.
1549 1604 1604 1677 De
1628 1606 1696 1679 fide
1719 1612 1882 1706 alioquin
1897 1628 1957 1683 tua
1972 1614 2011 1683 in
2027 1636 2085 1687 as-

56 1712 273 1783 animasset?
315 1709 428 1783 Nobis
456 1715 613 1805 profecto
639 1714 801 1797 videtur,
835 1714 864 1781 si
888 1738 1046 1807 unquam
1097 1711 1278 1779 servandis
1299 1709 1410 1780 literis
1435 1705 1526 1777 nihil
1550 1710 1769 1797 dubitamus,
1805 1738 2088 1809 quamquam-eo·

54 1813 197 1883 fortiter
215 1828 250 1881 et
271 1812 426 1902 ingenue
447 1814 628 1883 veritatem
654 1816 892 1897 adsumimus,
925 1810 991 1884 hoc
1009 1814 1047 1881 in
1098 1835 1238 1907 quoque
1261 1811 1500 1905 periculorum
1522 1833 1588 1881 nos
1614 1812 1708 1903 ipsos
1729 1814 1868 1905 pridem
1889 1818 1936 1887 ob
1951 1810 2088 1888 Christi

55 1912 357 2006 praesentiarum,
390 1940 470 1985 cum
485 1915 643 1985 iudicare
659 1916 757 1984 illam
775 1916 1047 1985 mundusinsti-
1097 1937 1246 1995 aionien,
1271 1926 1311 1981 ut
1337 1936 1404 1981 nos
1426 1912 1569 2005 quidem
1592 1914 1996 2003 nobis'c'ousciisumus‚
2021 1920 2085 1989 ad-

55 2016 137 2109 tuit,
161 2014 666 2109 praeeipue'faciendumesse.
716 2014 769 2086 lta
786 2040 870 2086 sane
887 2018 1048 2086 solebant
1097 2015 1280 2097 duximus,
1312 2026 1353 2081 ut
1366 2009 1460 2107 baud
1475 2014 1676 2099 videamus,
1708 2015 1794 2108 quid
1811 2016 1882 2087 illis
1897 2032 2003 2111 queat
2021 2022 2086 2090 ad-

57 2114 237 2209 Martyres
258 2116 374 2207 prisci.
434 2116 579 2187 Utinam
606 2142 816 2210 veroquam
839 2118 1047 2209 pauloante
1098 2115 1168 2187 ilci.
1228 2113 1280 2184 Ne
1296 2117 1436 2185 dubites
1457 2128 1591 2198 autem,
1623 2128 1657 2185 et
1677 2116 1744 2185 tibi
1766 2140 1831 2187 nos
1845 2118 2115 2212 praestituros·

56 2216 239 2307 coepimus
252 2218 416 2285 meditari
431 2219 659 2301 modestiam,
686 2218 788 2287 initio
813 2233 846 2288 et
862 2242 1046 2309 progressu
1096 2230 1136 2285 ut
1159 2216 1376 2309 colloquium
1401 2240 1474 2283 non
1494 2216 1615 2285 minus
1637 2217 1768 2311 absque
1791 2220 1916 2290 fraude
1939 2237 1997 2293 tua
2018 2216 2085 2291 ha-

57 2312 166 2387 huin's
181 2318 313 2407 negotii
331 2319 632 2408 praestitissemus,
658 2343 722 2388 nec
737 2321 823 2387 adeo
837 2319 1046 2389 urrnnltuari
1097 2318 1198 2399 beas,
1224 2340 1329 2409 quam
1346 2318 1451 2411 queat
1466 2316 1598 2409 absque
1614 2331 1733 2388 nostra
1750 2318 1806 2409 agi
1823 2321 1945 2395 literis.
1986 2320 2091 2403 seut.

10 2464 13 2469 -
56 2418 265 2509 paradoxis,
294 2418 323 2487 si
347 2442 421 2487 non
443 2430 583 2504 eontra,
603 2426 709 2488 'certe
729 2435 868 2511 praeter
890 2434 1045 2489 nostram
1098 2432 1215 2487 torum
1230 2417 1404 2511 siquidem
1420 2412 1606 2487 hominum
1622 2412 1845 2490 rumusculos
1860 2435 2086 2503 contemnere

56 2518 312 2611 professionem
345 2520 515 2592 libuisset.
590 2517 639 2591 At
672 2545 755 2591 vero
788 2524 882 2613 quod
913 2522 1048 2607 scribis,
1097 2521 1212 2597 decet,
1249 2542 1329 2587 cum
1353 2518 1505 2607 effugere
1525 2542 1600 2586 non
1629 2518 1748 2603 liceat,
1789 2546 1999 2617 quacunque
2024 2520 2086 2593 de·

57 2614 294 2713 Zaer'nglr'um
319 2622 416 2690 nolle
444 2620 558 2691 videri
573 2622 690 2690 verbis
713 2635 851 2691 tantum
868 2622 1048 2707 dissidere,
1096 2644 1194 2689 mum
1216 2618 1355 2689 ratione
1377 2643 1433 2688 res
1449 2618 1681 2689 instituatur.¹
1724 2618 1793 2691 Vix
1808 2647 1922 2715 nuper
1937 2626 1982 2694 ad
1999 2628 2086 2696 alte-

56 2720 226 2805 fatemur,
257 2722 317 2789 sed
332 2746 412 2791 eum
428 2722 488 2805 iis,
512 2722 575 2815 qui
597 2722 745 2792 crassius
760 2748 867 2816 quam
883 2736 920 2793 tu
934 2724 1047 2793 facere
1097 2744 1173 2789 ram
1202 2714 1327 2795 horam
1349 2746 1428 2790 cnm
1452 2716 1607 2789 ‚Brenlt'o
1640 2722 1684 2790 de
1709 2726 1896 2795 concordia
1920 2726 2087 2797 collocuti

52 2822 163 2891 uobis
178 2822 328 2901 videris,
355 2818 488 2894 Christi
510 2846 637 2915 corpus
653 2824 706 2893 vel
724 2826 809 2916 pani
826 2825 967 2911 uniunt,
990 2826 1046 2895 vel
1097 2844 1235 2906 snmus,
1267 2834 1301 2889 et
1317 2846 1358 2890 eo
1383 2822 1499 2891 statim
1515 2822 1573 2889 die
1587 2844 1735 2911 magnus
1750 2826 1895 2917 qnidam
1917 2828 2086 2917 gloriatus

56 2924 94 2991 in
107 2945 240 3015 panem
257 2924 441 2997 collocant.
482 2922 601 3015 lpsum
618 2939 734 2994 autem
752 2940 964 2997 servatorem
978 2952 1047 2996 no·
1098 2938 1168 3007 est,
1191 2945 1257 2991 nos
1270 2917 1340 2991 hue
1352 2924 1507 3007 venisse,
1531 2934 1573 2991 ut
1586 2938 1815 2998 recantemus.
1873 2924 2016 3000 Christo
2032 2930 2087 2997 vi-

56 3038 170 3095 strum
191 3034 378 3108 testamur,
411 3046 476 3093 nos
500 3026 863 3096 intereiusincoena
882 3042 1046 3119 praesen·
1097 3025 1232 3107 vimus,
1263 3024 1320 3091 eui
1342 3048 1444 3092 nemo
1469 3024 1575 3092 verba
1597 3025 1712 3111 dabit3
1745 3039 1819 3095 tum
1837 3028 2086 3100 bonisdunta·

57 3125 162 3207 tiam,
201 3136 317 3217 quam·
336 3124 398 3194 ille
422 3136 580 3195 constare
605 3126 726 3196 scribit
751 3130 1046 3221 contemplatione
1097 3138 1157 3194 xat
1174 3125 1316 3215 probari
1330 3124 1500 3215 cupimus.
1553 3120 1627 3192 lan
1642 3119 1707 3193 hos
1726 3128 1780 3196 vel
1798 3130 2086 3217 nugacistaeni-

56 3226 224 3311 suet-et
246 3248 308 3294 vos
327 3225 456 3295 realem
480 3229 623 3321 quidem
639 3230 700 3297 sed
718 3252 790 3298 non
808 3230 954 3298 localem
976 3244 1045 3299 sta·
1096 3221 1148 3294 hil
1165 3238 1328 3308 movent,
1362 3226 1420 3295 vel
1442 3224 1471 3295 sl
1489 3227 1696 3317 praestringi
1710 3226 1783 3296 illis
1799 3230 1920 3301 oculos
1937 3233 1981 3301 ad
1995 3244 2086 3302 tem-

55 3328 176 3411 tuitis,
208 3340 269 3395 aut
290 3328 438 3395 nullum·
452 3342 514 3397 aut
540 3342 632 3399 certe
655 3344 840 3419 pertenue,
880 3332 1046 3425 quodque
1095 3350 1160 3417 pus
1177 3327 1372 3416 contingat,
1404 3328 1533 3399 veritas
1550 3326 1650 3395 brevi
1665 3328 1865 3399 istiusmodi
1882 3333 1999 3402 fumos
2013 3334 2086 3403 dis·

56 3431 145 3498 dum
158 3426 342 3521 quaeritur
356 3443 549 3513 evanescat,
564 3430 752 3499 discrimen
770 3456 922 3505 cernere.
947 3430 1046 3503 Lon-
1095 3428 1230 3520 pellens
1253 3450 1395 3497 rursum
1417 3430 1461 3497 ad
1483 3452 1520 3497 se
1536 3440 1687 3503 revocat.
1746 3424 1962 3503 insolentem
1978 3430 2086 3505 Chri·

55 3528 139 3619 grus·
157 3529 278 3599 ab'esse
299 3554 319 3599 a
344 3530 468 3613 nobis,
507 3531 551 3598 de
577 3530 725 3601 veritate
752 3526 984 3603 humanitatis
1006 3534 1045 3602 in
1095 3530 1249 3600 stianum
1278 3551 1351 3597 esse
1375 3542 1530 3619 oportet,
1570 3546 1675 3620 quern
1708 3530 1773 3601 ista
1799 3534 1844 3603 ab
1870 3534 2085 3627 inquirenda

54 3618 212 3713 Christe,
232 3628 352 3699 'videri
368 3630 508 3723 possitis
521 3654 599 3699 cum
615 3656 656 3699 ex
670 3634 829 3722 proximo
845 3634 906 3703 illo
924 3628 1044 3703 Bren—
1095 3654 1178 3721 paee
1206 3630 1385 3723 saluteque
1408 3633 1557 3700 fratrum
1579 3646 1811 3703 remorentur.
1878 3633 2034 3705 Proinde
2050 3650 2085 3708 te

56 3726 315 3823 ls'r‘enlloq'uio,
347 3744 423 3801 tum
446 3756 485 3799 ex
509 3734 721 3825 quibusdam
735 3735 890 3804 eiusdem
908 3751 943 3806 et
957 3736 1046 3806 alio·
1095 3754 1159 3823 per
1174 3726 1357 3800 Christum
1372 3754 1532 3815 oramus,
1564 3732 1634 3799 nisi
1651 3755 1794 3803 omnem
1808 3735 1851 3802 de
1867 3736 1971 3805 nobis
1985 3760 2084 3829 spem

54 3836 136 3901 nim
162 3831 312 3922 scriptis.
371 3830 505 3901 Verum
530 3832 559 3900 si
581 3834 661 3927 quis
677 3849 711 3905 et
732 3831 788 3904 his
801 3837 945 3907 remotis
959 3838 1046 3907 affe-
1096 3833 1343 3923 desponderis,
1379 3834 1431 3902 tui
1450 3836 1494 3901 ad
1513 3832 1731 3927 colloquium
1748 3834 1883 3924 copiam
1905 3838 2084 3909 nobisfa·

54 3932 173 4005 stibus
197 3956 352 4027 veroque
379 3934 476 4024 pacis
505 3934 622 4005 studio
646 3938 880 4029 utrorumq'ue
905 3954 1047 4009 senten·
1096 3958 1173 4003 cere
1189 3934 1358 4024 digneris.
1418 3932 1610 4004 Veniemus
1629 3958 1701 4027 quo
1716 3949 1750 4004 et
1764 3938 1907 4029 quando
1923 3952 1960 4008 tu
1976 3940 2084 4027 voles,

55 4034 144 4103 tiam
159 4032 331 4122 excutiat,
356 4035 612 4125 dispereamus,
637 4036 667 4103 si
684 4034 787 4107 aliam
805 4036 1045 4129 deprehensu—
1096 4060 1136 4104 ae
1154 4058 1214 4103 eos
1236 4058 1302 4103 nos
1324 4037 1605 4123 praestabimus,¹
1621 4036 1666 4103 de
1683 4038 1814 4129 quibus
1832 4033 1927 4106 nihil
1939 4042 2084 4111 dubita-

54 4158 117 4205 rus
131 4132 179 4206 sit
191 4136 487 4221 controversiam,
515 4158 623 4228 quam
644 4140 740 4230 quod
754 4139 934 4209 conveniri
952 4166 1045 4209 non·
1095 4150 1195 4204 turm
1210 4136 1275 4218 sis,
1299 4131 1433 4205 Christi
1449 4136 1596 4225 gloriam
1613 4160 1654 4203 ex
1672 4136 1790 4206 :animo
1805 4162 1995 4231 quaerere,
2019 4144 2086 4213 ab-·

54 4236 150 4305 dum·
165 4236 283 4330 potuit
303 4239 348 4308 de
369 4236 504 4320 verbis,
538 4238 668 4331 quibus
682 4232 749 4310 hoe
763 4244 968 4335 mysterium
985 4267 1043 4311 er·
1096 4260 1238 4329 esseque
1263 4238 1367 4325 longe
1383 4238 1428 4305 ab
1451 4236 1547 4304 omui
1563 4231 1680 4305 bacin
1699 4262 1802 4307 eausa
1817 4240 1898 4309 fuco
1913 4244 2081 4313 fraudere

46 4338 264 4429 'ponendum
280 4337 335 4409 sit.
1094 4338 1263 4429 proderit.
1327 4335 1369 4406 ln
1397 4337 1534 4429 reliqua
1562 4338 1655 4421 vita,
1692 4340 1886 4431 quamlibet
1909 4344 1984 4412 veri
2007 4368 2081 4416 esse

158 4434 235 4527 Qui
254 4462 405 4532 namque
426 4442 541 4527 fieret,
578 4452 619 4510 ut
644 4441 752 4511 tantis
777 4440 814 4511 iu
840 4444 946 4513 rebus
970 4468 1043 4513 non
1095 4440 1312 4520 studeamus,
1345 4438 1382 4507 id
1405 4439 1509 4509 nobis
1531 4438 1726 4521 usuvenit,
1760 4443 1854 4531 quod
1873 4437 2081 4517 hominibus

54 4538 151 4607 idem
167 4540 358 4624 sentirent,
384 4566 472 4635 quos
488 4542 581 4611 idem
598 4544 699 4629 docet
714 4544 855 4639 agitque
867 4544 1045 4635 Spiritus?
1094 4540 1203 4622 solet,
1236 4551 1277 4606 ut
1291 4538 1394 4608 etiam
1410 4564 1475 4609 nos
1497 4540 1591 4629 ipsos
1611 4562 1712 4629 saepe
1725 4542 1898 4616 ultumos.
1950 4544 2027 4616 Hae
2040 4548 2079 4615 in

53 4638 313 4711 Detenullum
327 4644 430 4713 nobis
444 4644 594 4714 dubium
610 4658 671 4729 est,
697 4668 777 4713 eum
793 4646 883 4715 tanti
898 4644 1044 4719 Patr-um
1096 4664 1132 4709 re
1154 4653 1288 4723 aedem,
1321 4642 1411 4710 etin
1434 4642 1534 4711 omni
1557 4640 1697 4729 negotio
1720 4641 2078 4717 doctrinaechristia-

52 4740 319 4829 aucloritatem,
344 4745 538 4839 etquidem
554 4745 689 4829 merito,
713 4745 829 4831 facias,
855 4748 899 4815 ad
916 4743 1043 4819 horum
1094 4765 1159 4809 nae
1184 4740 1233 4808 sic
1255 4764 1321 4810 nos
1339 4743 1567 4825 excussimus,
1601 4754 1642 4810 ut
1664 4742 1818 4813 deierare
1837 4746 1959 4831 liceat,
1983 4742 2078 4816 nihil

52 4842 228 4936 loquendi
248 4846 421 4930 formam,
454 4846 486 4915 si
507 4848 551 4917 de
568 4846 633 4915 isto
656 4846 722 4917 tibi
743 4848 909 4941 mysterio
933 4851 1044 4919 disse-
1094 4842 1191 4911 uliud
1209 4865 1393 4937 nosquam
1412 4839 1544 4913 Christi
1560 4842 1686 4933 placita
1702 4866 1879 4935 quaerere.
1932 4846 2078 4933 Scribis,

52 4945 208 5015 rendum
228 4946 295 5027 sit,
336 4946 483 5038 propius
509 4948 681 5020 accedere.
745 4944 818 5018 Nec
840 4941 1043 5029 barbaras,
1094 4956 1127 5013 te
1144 4944 1219 5011 sine
1235 4944 1308 5012 ulla
1323 4944 1509 5013 acerbitate
1524 4944 1634 5013 animi
1650 4945 1852 5031 dissentire;
1878 4949 1994 5031 credo,
2018 4944 2078 5021 hie

49 5042 352 5139 saueMarpurgi,
375 5048 424 5120 ita
438 5049 675 5133 considerate,
699 5063 741 5120 ut
757 5049 901 5143 quidem
911 5048 963 5147 ²),
988 5052 1043 5123 lo.
1093 5039 1186 5113 nibil
1201 5044 1265 5113 tibi
1282 5044 1449 5114 cedimus.
1499 5042 1625 5131 Addis,
1644 5061 1677 5116 te
1692 5040 1785 5115 nihil
1798 5040 1856 5115 hic
1872 5061 1994 5121 contra
2010 5075 2077 5123 nos

1094 5146 1221 5236 egisse5
1255 5169 1321 5215 nos
1342 5141 1450 5215 ethic
1469 5161 1505 5218 et
1528 5147 1615 5217 alibi
1630 5171 1693 5216 vos
1715 5161 1749 5216 et
1762 5160 1876 5217 vestra
1892 5150 1997 5221 etiam
2012 5156 2076 5225 de-

83 5298 116 5369 1)
134 5294 240 5351 Ereldit
253 5294 297 5349 bie
311 5294 444 5362 verbnm,
463 5305 509 5351 sut
521 5312 573 5369 pro
586 5296 701 5365 quedem
714 5306 754 5354 est
767 5296 911 5371 legendnm
921 5304 1042 5368 puttam,
1092 5246 1289 5328 sendimus-'⁹
1320 5258 1481 5341 quaeque
1500 5248 1689 5319 defendere
1710 5270 1786 5316 ”⁰¹¹
1802 5246 1885 5321 licei
1906 5254 1962 5323 Vfll
1982 5266 2076 5325 iate·

120 5360 198 5438 qtoe
212 5363 440 5419 resinatum
455 5375 505 5419 aa
649 5420 653 5427 ,
1092 5371 1171 5419 mus
1181 5398 1199 5480 '.
1208 5347 1280 5480 pel
1289 5348 1443 5419 lenimus
1464 5350 1602 5436 omnia,
1625 5348 1770 5443 quaein
1783 5373 1847 5421 vos
1860 5351 1939 5425 dira
1952 5356 2077 5426 admo·
