4522 5760
103 102 123 263 J
193 178 270 257 sss
355 140 358 147 ’
683 288 692 305 x
752 150 1466 253 -nrrsronanuu'mnvn
1518 176 1647 261 cass.
2136 188 2212 263 ιιι

192 352 355 426 homines
381 350 419 418 in
447 346 563 418 officio
590 344 782 420 continear.
834 342 924 414 Nam
948 367 1060 438 qnnm
1079 342 1181 437 prior
1227 345 1390 441 Principi
1405 372 1547 444 quoqne
1562 352 1718 425 dandam
1735 357 1898 449 operam,
1913 360 1969 430 'ut
1990 357 2156 429 ostendat
2166 372 2213 430 at-

191 454 354 528 Pontllex
371 462 472 521 antea
489 447 538 517 sic
552 446 693 537 egisset,
726 470 821 516 exeo
836 445 973 515 animos
993 440 1181 515 hominurn
1230 473 1298 543 que
1313 452 1441 543 probet
1455 446 1521 520 hac
1539 452 1578 521 in
1593 480 1694 525 causa
1711 456 1877 548 pietatem
1894 462 2109 531 etstridium
2121 480 2213 531 anons
2255 526 2257 531 ,

191 542 418 626 vehementer
450 548 632 619 alienatos.
688 545 797 620 Hunc
828 560 946 621 autem
970 544 1179 618 Pontificem
1230 551 1270 619 in
1285 551 1434 641 gloriam
1448 546 1584 624 Christi
1600 554 1691 631 lc'su.
1741 556 1831 629 Na'm
1844 560 1877 629 si
1891 558 2070 652 Princeps
2081 556 2213 631 Elector

191 650 357 729 Paulum
381 647 528 722 tertiam
555 644 653 717 ¹nibil
683 649 812 740 magis,
853 644 948 718 nibil
974 647 1181 737 diligentius
1230 650 1456 728 Saroniaein
1470 654 1660 727 consilium
1674 660 1908 747 consenserit,
1931 662 2130 733 eomaiore
2145 682 2213 733 snr-

193 782 299 854 quam
328 752 520 827 concilium
543 752 707 841 cogitare.
734 758 740 781 ⁸
766 748 888 843 ltaque
909 772 946 819 se
970 749 1112 842 proprie
1135 749 1180 817 ad
1230 774 1329 822 cessu
1345 767 1450 847 atque
1463 754 1630 829 felicitate
1646 783 1904 851 processurum.
1948 760 2212 853 Quodsietim

172 882 266 931 -rem
289 854 530 937 accessurum,
559 852 598 922 id
621 853 718 945 quod
739 849 898 943 Principi
921 874 1063 945 quoqne
1086 849 1182 920 indi·
1230 855 1416 939 detrectet,
1446 851 1540 925 nibil
1560 870 1677 929 tamen
1698 862 1809 931 secius
1831 862 1999 935 futurum
2023 862 2213 947 consilinm,
2254 888 2257 945 j

190 962 345 1034 candum
359 957 548 1048 relinqual·
638 978 641 983 '
825 956 830 965 ⁸
875 974 878 979 '
1165 998 1169 1010 ·
1230 979 1347 1049 neque
1361 956 1445 1025 ullis
1460 957 1565 1026 bonis
1581 962 1767 1053 operibus,
1792 963 1864 1033 nlla
1886 967 1981 1050 vita,
2005 966 2085 1037 ulla
2102 964 2212 1057 poeni-

293 1059 406 1131 Porro
423 1054 630 1126 Pontificem
644 1048 852 1125 habiturum
877 1050 1067 1122 concilium
1090 1048 1182 1117 libe-
1231 1057 1341 1128 tentia
1357 1073 1666 1148 compensaturum
1684 1076 1790 1156 atque
1807 1081 2058 1151 resartnrnm,
2092 1066 2210 1137 eicon

192 1189 293 1247 rrrm,
319 1158 499 1252 generale,
524 1150 755 1225 christianum
779 1167 815 1225 et
834 1155 1045 1224 sincerum·
1073 1148 1181 1238 Quod
1232 1157 1354 1227 cilium
1372 1159 1551 1251 impediat.
1599 1159 1647 1233 Et
1662 1187 1707 1233 ne
1725 1165 1775 1235 sic
1790 1166 1938 1259 quidem
1953 1166 2112 1239 concilio
2125 1166 2210 1237 data.

193 1246 224 1338 si
246 1267 291 1335 de
313 1263 391 1332 loco
414 1268 604 1352 quaeratur
622 1251 829 1328 habiturum
850 1252 983 1346 Papam
1008 1247 1182 1320 idMan-
1231 1271 1351 1327 turum
1385 1254 1578 1333 Christum·
1629 1260 1781 1336 Addidit
1811 1264 1975 1361 principi
2011 1268 2208 1363 requisitum

193 1376 294 1449 tuae,
322 1384 437 1454 neque
463 1357 568 1441 alibi,
600 1357 707 1450 idque
727 1368 873 1450 propter
897 1354 1026 1425 multas
1050 1374 1182 1426 causas.

192 1467 348 1558 Ideoque
361 1459 569 1532 Pontificem
581 1453 736 1544 hortari,
765 1456 965 1553 requirere,
989 1477 1065 1524 non
1078 1475 1182 1522 man-

192 1573 299 1651 dare,
323 1565 369 1635 ad
385 1582 526 1632 causam
547 1559 690 1629 concilii
710 1559 901 1639 iuvandam
922 1570 957 1627 et
973 1560 1018 1625 ad
1033 1555 1182 1646 gloriam

192 1667 329 1742 Christi
352 1660 610 1735 illustrandam.
672 1658 931 1750 Interrogatum
955 1681 1039 1727 vero
1062 1678 1182 1725 causas

194 1775 392 1851 dicturum,
424 1785 534 1858 quare
565 1760 636 1831 alio
668 1760 706 1830 in
740 1762 818 1831 loco
852 1758 1043 1829 concilium
1075 1780 1183 1851 quam

194 1872 366 1945 Mantuae
383 1861 507 1935 baberi
523 1886 599 1931 non
621 1862 743 1954 possit.
792 1859 977 1937 Praeterea
999 1858 1181 1946 designato

194 1977 273 2045 loco
297 1993 372 2040 non
396 1988 470 2036 esse
491 1987 556 2033 cur
573 1967 617 2033 de
638 1965 745 2035 modo
767 1958 925 2055 habendi
946 1959 1089 2031 concilii
1112 1959 1182 2027 iam

193 2075 307 2145 multa
332 2070 568 2162 disputentur.
621 2062 705 2134 tttic
731 2065 827 2134 enim
855 2075 1010 2146 coactos,
1052 2083 1182 2130 conve-

194 2178 333 2246 nientes
348 2183 384 2240 et
399 2179 626 2257 congregatos
639 2167 705 2236 suh
720 2165 848 2258 spiritu
870 2177 991 2233 sancto
1007 2162 1127 2232 omnia
1144 2184 1183 2230 ea

119 2254 123 2269 ⁸
197 2283 294 2348 dere
310 2284 529 2343 tractaturos.

295 2372 475 2444 Hactenus
488 2394 571 2440 vero
586 2369 736 2464 petitum
753 2368 823 2439 tale
840 2365 1042 2450 concilium,
1064 2376 1106 2435 ut
1117 2358 1184 2431 ha-

101 2534 106 2546 .
195 2484 303 2552 beant
317 2470 669 2566 impressiPrincipis
690 2482 725 2539 et
747 2469 1019 2539 coniunctorum
1032 2462 1185 2537 articuli.

80 2633 82 2637 «
180 2592 182 2596 ’
196 2581 272 2671 Qui
285 2577 391 2648 etiam
403 2576 574 2667 placeant,
590 2571 792 2663 Principem
805 2584 841 2640 et
852 2591 935 2639 suos
946 2565 1186 2679 nolle-astrin-

196 2715 232 2804 gi
250 2707 534 2791 conditionibus,
559 2718 594 2775 et
608 2704 670 2775 tali
685 2702 836 2774 concilio
850 2703 889 2771 in
905 2700 1006 2772 cuius
1022 2725 1065 2770 va
1086 2696 1185 2792 (ver-

196 2815 260 2908 ba)
276 2811 489 2900 obligentur.
540 2804 629 2875 Tale
647 2804 839 2875 concilium
851 2827 947 2874 nnnc
966 2794 1135 2894 offerri⁵).

299 2911 377 2982 lam
390 2933 473 2978 vero
490 2905 697 2977 Pontificem
711 2900 742 2998 6)
759 2918 795 2974 et
806 2902 990 2976 Caesarem
1006 2920 1040 2973 ct
1051 2900 1185 2991 Regem

197 3016 303 3089 Rom.
322 3027 357 3083 et
372 3033 493 3081 omnes
509 3006 692 3099 Principes
708 3006 858 3076 concilio
881 3000 967 3075 huic
988 3026 1063 3073 non
1083 3002 1186 3071 defu-

197 3110 307 3191 turos.
359 3111 465 3201 Quod
485 3109 515 3179 si
531 3106 699 3200 Princeps
723 3119 843 3191 noster
855 3104 998 3178 Elector
1012 3101 1186 3175 Saroniae

197 3219 293 3288 solus
307 3215 376 3286 tale
390 3211 581 3283 concilium
603 3210 649 3281 sit
669 3210 940 3294 detrectatums,
971 3207 1129 3279 futurum
1145 3216 1187 3273 ut

198 3320 380 3399 rideatur,
404 3314 545 3382 nullum
559 3334 718 3405 unquam
736 3310 810 3380 sive
827 3309 980 3379 liberum
1002 3308 1076 3377 sive
1097 3328 1185 3375 con-

198 3417 371 3491 ditionale
388 3413 579 3485 concilium
594 3413 830 3503 amplexurus.
930 3458 934 3465 -

298 3517 356 3587 Ad
371 3512 456 3585 haec
470 3515 625 3606 priorem
638 3510 769 3603 Papam
787 3525 865 3582 octo
882 3510 1105 3604 proposuisse
1128 3531 1187 3578 ar-

196 3621 335 3694 ticulos.
400 3614 508 3686 Hunc
537 3608 621 3683 ver'o
653 3612 860 3683 Pontificem
884 3605 1047 3681 Paulum
1069 3609 1187 3680 nullos

197 3742 396 3816 proponere
413 3716 599 3798 articulos,
629 3738 744 3808 neque
761 3738 826 3805 pro
843 3737 897 3799 se,
928 3737 1043 3807 neque
1062 3725 1186 3782 contra

199 3851 246 3897 se.
298 3821 420 3913 Itaque
434 3814 502 3887 hoc
518 3816 638 3885 minus
653 3814 838 3884 detrectari
862 3836 963 3906 posse
984 3814 1185 3885 concilium.

200 3926 274 3994 lam
298 3945 399 4014 posse
431 3917 636 4009 Principem
668 3914 787 3984 videre
818 3915 1009 3985 concilium
1030 3915 1077 3985 ob
1101 3939 1188 3983 ocu-

200 4029 253 4095 los
279 4024 445 4115 positum.
497 4017 637 4088 Vidisse
659 4041 695 4086 sc
718 4038 840 4086 omnes
859 4014 1059 4108 Principes:
1098 4016 1191 4084 scire·

200 4126 361 4196 omnium
384 4120 594 4212 Principum
615 4119 763 4191 animos.
792 4141 796 4147 ·
813 4114 900 4188 Esse
920 4116 1128 4187 Pontificem
1148 4116 1188 4185 in

200 4254 259 4312 eo,
284 4238 324 4296 ut
341 4223 515 4293 existimet
538 4220 716 4290 infelicem
739 4232 773 4289 et
793 4219 976 4288 insuavem
997 4216 1067 4287 sibi
1090 4220 1189 4288 lutu-

199 4353 274 4398 ram
291 4322 442 4417 viam²),
468 4323 537 4392 nisi
554 4335 653 4413 cogat
669 4334 702 4391 et
718 4317 846 4391 habeat
860 4320 1061 4393 concilium.
1101 4316 1187 4389 Ideo

235 4685 263 4754 5)
281 4679 370 4753 Magis
384 4676 524 4751 perspicue
537 4674 566 4728 in
583 4674 708 4731 versione
720 4673 872 4745 germanica
885 4675 938 4730 sicr
956 4672 1041 4741 sitiet
1052 4672 1190 4740 lt'e'tlttttntt

270 4754 386 4818 ιΙΙιιιιιιι
396 4763 439 4804 un
452 4746 548 4824 siniret
562 4743 674 4809 antistet)
688 4750 738 4800 unt
751 4745 985 4803 tetartllcnciltnrn
1000 4743 1128 4812 cererin,
1143 4744 1191 4799 sois

269 4821 392 4877 benabet
408 4814 575 4879 oturntten
588 4828 618 4880 ιιι
631 4811 741 4881 &obire
755 4828 786 4870 ιι.
809 4818 861 4870 nrt
879 4815 957 4881 felnes
973 4814 1192 4868 titinnncnttcn

290 4888 394 4944 ettudte
407 4882 518 4949 tentet,
534 4883 572 4938 ote
585 4883 653 4948 lam,
668 4886 725 4939 Ιιιιιι
740 4882 886 4949 arctoam
901 4883 1017 4948 Denter,
1030 4881 1098 4951 ends
1120 4883 1191 4948 astte

271 4906 331 5024 ica,
350 4955 491 5010 ιιιιιιιῐιιι.
526 4949 603 5006 nera
616 4954 647 5017 fic
660 4950 746 5015 hatten
765 4954 790 5009 ln
811 4954 863 5008 tcto
885 4948 1033 5030 sublaturi
1046 4948 1192 5004 consutam

272 5026 389 5160 {talama
397 5019 600 5157 npggpfimttun
613 5020 653 5075 sta
664 5020 725 5087 tota)
741 5021 886 5078 ῦιιιιίιιιιιιι
899 5022 985 5076 nacte
996 5017 1049 5085 test
1060 5017 1132 5082 treet
1146 5019 1193 5072 ten

301 5109 316 5147 a
390 5107 406 5147 ιι
531 5126 539 5143 .

239 5179 268 5237 6)
276 5108 355 5299 scrip.
370 5106 455 5230 Galli:
474 5173 649 5244 Pantifiaem3
680 5182 754 5227 recte
776 5190 827 5243 pro
847 5172 992 5243 Pontafisi,
1016 5169 1092 5244 qnod
1115 5166 1194 5223 babet

297 5253 375 5315 paat.
953 5274 959 5285 ³

239 5333 269 5399 7)
288 5330 385 5405 Spalat.
399 5331 507 5393 vitam;
528 5328 629 5384 rectius
643 5327 706 5385 cod.
719 5322 806 5381 Galli:
822 5325 906 5378 vshm.

1230 4140 1237 4153 l

1231 1360 1335 1452 plura
1350 1383 1604 1452 responsurum
1619 1360 1659 1460 ⁸).

1230 1571 1377 1655 Princeps
1404 1584 1510 1639 noster
1538 1578 1662 1640 Elector
1688 1580 1846 1646 Senoniae
1875 1585 2072 1652 clementior.
2099 1604 2207 1667 rupen

1553 1666 1681 1726 dendtun
1702 1666 1748 1729 sic
1769 1668 1899 1735 curarit.

1332 1787 1462 1864 Adhuc
1478 1808 1548 1865 tam
1566 1822 1639 1868 esse
1654 1800 1694 1870 in
1718 1802 1811 1875 votis
1829 1804 1988 1897 principi
2009 1804 2115 1899 quarn
2134 1828 2208 1877 sern-

1231 1904 1295 1986 per
1327 1895 1453 1980 luerit,
1486 1922 1613 1990 nempe
1644 1916 1686 1971 ut
1716 1903 1785 1973 tale
1817 1906 2014 1975 concilium
2046 1902 2210 1990 habeatur,

1232 1997 1336 2089 quale
1346 1998 1558 2069 totcomitiis
1570 2001 1814 2094 imperialibus
1826 2009 2057 2098 perpetuosit
2066 2008 2210 2101 petitum,

1232 2092 1299 2167 hoc
1322 2109 1391 2180 est,
1424 2098 1594 2186 liberum,
1627 2107 1807 2192 gencrale,
1839 2102 2100 2195 christianum,
2132 2106 2210 2180 etin

1232 2222 1303 2293 quo
1317 2199 1523 2269 auctoritate
1536 2203 1637 2271 verbi
1651 2202 1923 2293 Dei-iudicetur.
1974 2207 2164 2281 Caeterum
2183 2208 2211 2277 in

1231 2297 1353 2369 multis
1369 2297 1614 2392 lmperialibus
1623 2302 1785 2378 Comitiis
1799 2309 2041 2381 deliberatum
2054 2334 2148 2393 esse.
2169 2310 2211 2379 id-

1233 2422 1343 2495 quea
1364 2398 1532 2471 Caesarea
1552 2404 1736 2478 Maiestate
1757 2412 2018 2501 approbatum,
2052 2432 2213 2507 nusquarr

1232 2501 1304 2571 nisi
1319 2500 1358 2571 in
1367 2499 1558 2573 Germania
1574 2508 1763 2579 concilium
1779 2506 1988 2583 habendum
2003 2537 2092 2587 esse.
2146 2511 2212 2582 ldeo

1233 2598 1327 2673 nibil
1345 2603 1385 2672 in
1401 2627 1440 2674 ea
1455 2629 1526 2674 rea
1544 2630 1580 2675 se
1597 2610 1723 2680 novari
1740 2634 1840 2703 posse
1854 2613 1934 2683 sine
1947 2616 2173 2710 reliquorum
2189 2624 2213 2682 et

1234 2704 1403 2774 ordinum
1418 2719 1452 2776 et
1465 2704 1672 2801 Principum
1688 2734 1870 2785 consensu.
1920 2714 2036 2787 Suam
2057 2740 2144 2787 vero
2163 2738 2212 2784 vo-

1234 2806 1404 2875 luntatem
1421 2820 1456 2876 et
1471 2813 1680 2881 sententiam
1697 2808 1814 2883 bacin
1828 2829 1927 2907 parte
1941 2841 2023 2887 sese
2041 2840 2159 2909 nuper
2171 2838 2214 2891 tre

1232 2905 1419 2976 renissimo
1432 2900 1680 2981 Romanorum
1695 2912 1785 3005 Regi
1801 2914 1964 2987 Viennae
1980 2911 2213 3009 d'ectarasse’).

1335 3006 1410 3077 Iam
1426 3034 1510 3079 vero
1526 3013 1571 3081 ad
1579 3010 1780 3084 Concilium
1796 3020 1955 3088 venturis
1971 3044 2067 3112 opus
2083 3042 2156 3090 esse
2167 3019 2212 3086 in-

1234 3120 1354 3178 tusum
1373 3113 1629 3182 assecuratione
1651 3128 1685 3185 et
1709 3117 1776 3186 fide
1799 3118 1964 3209 publica,
1999 3145 2049 3190 ne
2075 3120 2159 3215 quid
2180 3117 2214 3186 sit

1235 3208 1457 3281 venientibus
1478 3214 1637 3304 periculi.
1688 3214 1890 3311 Principem
1915 3222 2018 3291 enim
2042 3248 2088 3291 ex
2111 3221 2214 3290 animo

1235 3324 1356 3403 optare
1376 3314 1563 3384 concilium
1587 3316 1738 3388 liberum
1752 3333 1785 3389 et
1799 3316 2067 3408 christianum,
2101 3322 2138 3393 in
2158 3345 2213 3414 quo

1235 3414 1492 3486 controversiae
1521 3440 1563 3485 er
1590 3419 1699 3489 verbo
1728 3422 1851 3491 divino
1875 3424 2107 3515 explicentur
2127 3436 2214 3515 atque

1235 3514 1447 3589 iudicentur.
1465 3532 1468 3537 ·
1684 3527 1690 3539 “
1978 3516 1983 3525 '
2193 3524 2198 3531 '

1403 3710 1452 3774 lbi
1473 3712 1649 3778 Pontificius
1672 3714 1785 3780 Orator
1811 3716 1857 3781 sio
1879 3719 2062 3799 respondit:

1335 3849 1390 3921 De
1408 3853 1486 3922 loco
1503 3855 1643 3925 concilii
1659 3880 1732 3927 non
1755 3870 1829 3927 ess'c
1847 3857 2037 3931 decretum
2061 3860 2102 3931 in
2123 3860 2215 3931 comi·

1236 3952 1295 4022 tiis
1327 3946 1585 4044 Imperialibiis.
1648 3956 1796 4028 Nullum
1835 3958 1931 4027 enim
1966 3986 2132 4055 unquam
2156 3984 2213 4033 esse

1235 4054 1365 4125 lectum
1382 4056 1579 4143 decretum,
1606 4056 1730 4152 inquo
1752 4060 1808 4129 vel
1831 4052 1918 4130 haec
1941 4062 2003 4132 vel
2024 4063 2156 4134 similia
2172 4086 2212 4131 es-

1237 4169 1315 4226 sent
1327 4158 1450 4226 verba:
1481 4160 1696 4243 „statuimus
1712 4174 1746 4232 et
1760 4161 1944 4247 volumus,
1970 4178 2014 4234 ut
2028 4166 2089 4235 vel
2104 4162 2158 4237 hic
2169 4164 2209 4233 rel

1239 4357 1473 4374 Ἣ

1272 4482 1300 4551 8)
1316 4480 1367 4538 liic
1380 4482 1476 4537 desinit
1489 4490 1575 4536 tertns
1589 4481 1760 4555 germanicus
1777 4480 1848 4554 apud
1862 4482 2083 4559 Hortledernrn‚
2104 4495 2131 4543 et
2147 4494 2210 4541 testas

1308 4550 1406 4605 latinns
1418 4550 1447 4604 in
1462 4551 1523 4605 cod.
1538 4550 1622 4605 Galli.

1273 4634 1302 4702 9)
1319 4634 1438 4688 liabetur
1451 4634 1477 4687 in
1490 4632 1585 4687 iisdem
1600 4635 1675 4688 Actis
1685 4632 1779 4688 Vinar.
1797 4635 1977 4707 apographon
1990 4637 2126 4709 epistolae
2136 4636 2210 4691 Ferre

1307 4706 1411 4771 nendi,
1434 4702 1514 4772 Regis
1529 4700 1626 4771 Rom„
1650 4702 1682 4755 ad
1695 4703 1852 4770 mappam
1868 4702 2090 4773 Landgranr'aam
2105 4708 2212 4765 Hunis,

1308 4788 1375 4842 qnae
1385 4771 1444 4822 data
1456 4779 1495 4822 est
1504 4771 1623 4824 Viennae
1631 4770 1707 4826 dv.
1716 4771 1860 4823 Novembr.
1871 4772 1958 4845 1535,
1975 4774 2005 4826 in
2019 4772 2209 4847 quallerbard·

1328 4839 1434 4893 raviam
1452 4836 1532 4890 valde
1548 4837 1687 4908 hortatur,
1713 4850 1743 4893 ut
1761 4840 1789 4892 in
1811 4839 1936 4910 proxime
1954 4842 2081 4897 instante
2097 4846 2211 4899 coarat·

1308 4905 1526 4964 bchmalcaldico
1551 4924 1609 4961 non
1633 4909 1723 4962 solum
1742 4908 1799 4978 ipse
1818 4909 2002 4978 concederet,
2028 4923 2062 4966 ut
2080 4908 2211 4967 Condllffl

1308 4976 1438 5029 Mantuae
1450 4972 1607 5041 baberetur,
1624 4976 1671 5029 sed
1687 4976 1766 5030 etiam
1780 4972 1838 5028 aliis
1854 4976 2030 5048 principibus
2044 4982 2174 5043 suaderet,
2191 4984 2212 5026 rt

1309 5044 1381 5096 idem
1400 5041 1593 5098 concederent.
1628 5043 1722 5111 Quum
1742 5043 1854 5112 epistola
1892 5055 1936 5097 ost
1954 5046 2064 5103 abitum
2085 5044 2212 5103 Dede&

1310 5129 1372 5163 xon.
1387 5110 1470 5164 Elect.
1485 5111 1646 5192 scriptasit,
1661 5112 1840 5183 intelligitur,
1885 5111 2021 5169 lectorem
2035 5108 2122 5171 ¹iilnnr
2140 5115 2211 5168 tacis

1311 5179 1420 5233 concilii
1435 5179 1550 5231 habenda
1564 5197 1620 5232 non
1636 5181 1778 5251 probasse,
1796 5179 2003 5237 Ferdinandurn
2016 5184 2102 5256 igitur
2112 5184 2164 5237 elas
2173 5197 2211 5231 w·

1311 5249 1440 5302 luntatcm
1464 5264 1513 5316 per
1532 5246 1685 5318 Philippum
1705 5249 1812 5302 llassiae
1836 5251 1937 5304 mutari
1961 5272 2045 5325 posse
2067 5252 2212 5309 esistinastn

1312 5317 1427 5385 ideoque
1441 5315 1504 5369 buic
1516 5333 1545 5368 ea
1560 5316 1593 5370 de
1607 5318 1794 5389 rescripsisse.
