4522 5760
60 154 166 257 iane
621 146 1063 259 unis-‘ronanam
1125 180 1341 260 iin.v1i
1401 146 1533 260 iiio.
1999 170 2097 254 icio
2203 285 2207 291 ῃ

115 426 120 433 ,
164 348 244 431 ὃυιιι
265 347 463 445 tunitii,
495 352 555 443 bol
577 349 749 445 brictric
771 322 1056 447 oonssnglonbbel
1107 347 1289 429 habeatur.
1340 352 1452 450 quue
1472 355 1579 445 egisse
1593 351 1664 422 iam
1680 352 1815 422 dudum
1830 375 1909 420 eum
1924 347 2095 421 Pontifice

57 448 126 541 iiim
146 449 340 544 beleblolieti,
376 456 443 526 betti
467 450 567 545 ‘popli
586 455 663 546 letne
684 452 815 529 &tinuit
837 457 899 527 ritib
919 455 1058 526 Prima·
1107 450 1296 538 Adriano,
1323 482 1403 526 cum
1419 456 1550 529 Pontif.
1564 443 1764 535 Clemente,
1791 478 1871 523 cum
1891 448 1959 521 hoc
1976 452 2095 535 etiam,
2144 472 2148 481 ’

58 566 159 638 siim,
190 555 250 626 nie
271 560 367 628 nont
381 562 512 643 nennet.
543 557 577 630 iii
594 555 708 630 teineiii
720 556 801 650 θος
819 558 984 631 otiietiii
997 559 1058 629 eie
1108 559 1171 651 qui
1191 582 1287 627 nunc
1304 560 1427 649 sedeat
1441 557 1544 630 Pont.
1559 554 1666 629 Rom.
1685 548 1825 629 Panlo..
1867 552 2013 623 Deloco
2031 576 2095 623 an-

58 652 334 850 3militie),
364 755 427 843 bot
447 757 512 828 eine
529 752 674 855 ttontiibe
687 755 894 851 betestorf.
926 759 985 833 iiie
1004 759 1057 831 obe

58 856 211 949 generet,
238 879 275 949 gu
299 855 385 930 ltin
399 858 518 932 tbticbe
540 873 603 931 oon
627 857 735 949 ubit:
755 860 818 930 iiiib
840 856 971 947 &testeis
994 863 1057 933 nib

58 960 180 1032 ouini
197 958 410 1033 tltemcibten
433 962 466 1032 tii
480 963 532 1032 bet
545 958 699 1051 tltetigioii
712 958 838 1050 &coen
860 959 1057 1055 obgifettigt,

59 1076 126 1157 non
142 1060 250 1152 oeten
266 1062 346 1133 cuii
366 1060 421 1153 tid)
442 1062 501 1159 nit
513 1058 645 1153 ltetgt.
660 1061 780 1137 tbttbe
795 1081 833 1155 tu
848 1060 996 1155 &aglono
1017 1085 1056 1156 iis
1074 1150 1078 1157 ¹

59 1162 256 1234 nitescebat.

150 1263 365 1336 Permittunt
378 1258 464 1335 haec
480 1264 600 1337 omnia
618 1262 767 1334 consilio
783 1260 1056 1337 Illustriss.Ele-

60 1365 170 1438 ctoris
197 1364 327 1440 Saxon.

1045 682 1049 690 ·
1108 672 1177 728 tem
1198 655 1368 730 haetenus
1388 660 1555 730 constitui
1579 681 1651 727 non
1676 658 1840 749 potuisse.
1889 651 1976 723 Esse
2000 655 2096 723 enim

1107 783 1196 851 opus
1215 763 1293 830 loco
1314 762 1446 846 libem,
1471 772 1547 832 tuto
1571 774 1605 829 et
1627 782 1759 831 securo.
1810 753 1929 845 Quam
1951 757 2094 825 obrem
2172 762 2184 813 ἶ

1107 886 1327 953 summopere
1343 885 1470 951 regem,
1485 878 1526 933 iit
1539 877 1573 932 et
1586 859 1769 951 Principes
1783 872 1817 927 et
1831 858 1974 927 ordines
1988 853 2095 927 huius

1107 963 1290 1044 societatis,
1305 989 1379 1034 non
1395 964 1493 1055 prius
1508 965 1545 1032 in
1560 962 1762 1034 Concilium
1774 959 2005 1042 consentient,
2024 954 2095 1025 nisi

1106 1065 1186 1133 aliis
1208 1090 1348 1159 quoque
1370 1067 1469 1158 prius
1492 1066 1681 1150 consultis,
1707 1087 1777 1157 quo
1800 1062 1942 1132 taudem
1962 1085 2003 1128 eo
2019 1081 2095 1127 me-

1106 1166 1176 1236 lius
1192 1168 1355 1237 ecclesiae
1369 1169 1556 1237 eoncordia
1571 1167 1657 1235 iniri
1669 1180 1772 1257 atque
1788 1161 1953 1232 constitui
1968 1171 2095 1253 posset.

1206 1265 1303 1337 Hace
1326 1270 1464 1340 locutus
1485 1269 1641 1341 reddidit
1663 1264 1823 1355 l'rincipi
1845 1264 1985 1348 literas,
2009 1280 2095 1355 quas

1037 1442 1042 1451 ,
1106 1384 1235 1440 vocant
1264 1371 1513 1457 credentiales,
1546 1356 1654 1460 Regis
1677 1365 1866 1439 Gallorum
1889 1364 2095 1453 membrana

163 1464 292 1537 Actum
320 1466 574 1551 Smalealdioe,
624 1462 782 1560 attrivit)
812 1461 888 1559 nod)
916 1464 1057 1554 Lucine,
1102 1471 1252 1563 ,scriptas
1263 1467 1301 1567 ¹).

59 1592 159 1639 anno
175 1570 270 1642 dom.
287 1565 347 1642 35.

838 1957 916 2035 (to.
932 1955 1044 2038 Daoi.)

57 1948 280 2111 ω
834 2047 1048 2089 ψ...

226 2112 395 2201 Bellaii'
409 2118 550 2199 oratio
567 2112 630 2198 od
643 2116 707 2203 Io.
721 2114 887 2201 Frider.

127 2294 383 2423 †¹l'l:·ap²t·ograpbo
398 2293 527 2369 Spalatini
539 2292 569 2348 iis
579 2293 705 2352 Tabulae.
719 2292 813 2351 Vinar.
827 2294 934 2366 tregit.
950 2292 1052 2350 lom.

40 2580 43 2585 ⁴
136 2515 439 2592 Sclimnlcnldioe
454 2514 850 2611 sulfinem'Decembr.
869 2516 979 2593 15³5.

60 2653 202 2759 Capita
220 2648 417 2727 Orationis
440 2649 694 2726 Gnili‘elmi
712 2653 903 2728 Bellaii'
921 2650 1053 2725 Lon-

56 2761 147 2858 gii,
168 2758 341 2830 'oratoris
365 2752 484 2851 Regis
505 2752 717 2829 Gallorum
731 2755 788 2829 od
805 2754 948 2829 Ducem
969 2756 1000 2828 I
1003 2783 1051 2828 o-

58 2860 258 2937 hannem
290 2855 584 2931 Fri'deri'ciim
618 2858 811 2933 Saxoniae
835 2858 1051 2944 Electomm,

457 2959 646 3059 privatim.

56 3077 178 3182 Dixti,
201 3094 264 3165 ubi
281 3092 451 3166 Sereniss.
464 3090 543 3163 Rex
559 3094 669 3185 ipsius
683 3097 922 3184 intellexisset,
942 3078 1051 3166 Prin-

55 3200 173 3291 cipem
203 3208 364 3264 nostrum
394 3207 428 3265 et
451 3195 659 3269 coniunctos
682 3201 721 3268 in
744 3223 848 3270 caiisa
869 3198 1050 3289 religionis

54 3298 117 3373 bic
134 3292 410 3371 Schmalcaldiae
429 3313 643 3369 conventum
667 3304 710 3371 de
734 3302 923 3371 concordia
940 3301 1051 3370 eccle-

56 3405 130 3474 siae
149 3397 415 3483 constituenda,
439 3398 524 3467 item
550 3400 592 3467 de
608 3403 749 3472 foedere
763 3399 967 3490 habituros,
990 3426 1050 3472 ra-

54 3518 136 3576 tum
164 3499 233 3571 sibi
260 3524 335 3567 non
356 3500 668 3589 committendum,
699 3488 787 3599 qiiin
813 3504 943 3596 etipse
967 3528 1049 3574 suos

54 3603 129 3677 huc
143 3603 300 3671 mitteret
316 3600 539 3689 gratulatum.
579 3600 623 3672 In
637 3601 705 3676 hoc
718 3606 835 3698 ipsum
851 3606 998 3678 misisse.

159 3702 257 3774 Scire
276 3702 371 3772 enim
384 3725 500 3791 regem
515 3703 626 3794 ipsius
644 3730 716 3776 esse
734 3708 863 3799 partim
879 3708 939 3799 qui
959 3707 1048 3776 insi-

53 3812 204 3883 diantur
227 3806 385 3896 ipsorum
406 3804 609 3892 conatibus,
633 3809 762 3899 partim
778 3808 841 3901 qui
856 3810 1048 3899 perniciem

52 3910 262 3983 moliantur.
315 3903 498 3974 Gratulari
515 3906 623 3994 igitur
639 3933 756 4000 regem
771 3911 886 4000 primo
902 3910 1048 3994 foederi,

55 4008 397 4085 deindeconventui.
423 4002 480 4075 Ad
496 4001 582 4077 haec
592 4034 790 4100 regemsese
803 4010 898 4080 ultro
908 4036 1048 4105 quoque

54 4118 186 4185 ‹itterre
200 4109 345 4191 foederi,
361 4102 637 4204 habiturumque
652 4112 850 4183 societatem
861 4126 964 4205 atque
974 4114 1048 4181 foe·

55 4220 125 4288 diis
142 4226 272 4282 etcum
288 4208 461 4278 universis
477 4224 605 4280 etcum
622 4214 788 4302 singulis,
813 4227 953 4304 praeter
971 4238 1047 4283 eam

54 4340 165 4414 quam
183 4306 330 4381 haberet
352 4311 428 4378 iam·
444 4310 585 4401 pridem
608 4339 687 4384 eum
712 4313 901 4383 Germanis
927 4316 1048 4385 amici-
1092 4370 1096 4375 .
1166 4357 1182 4382 2,

54 4422 145 4491 tiam
160 4428 263 4508 atque
277 4412 568 4481 benevolentiam.
601 4412 793 4506 Expectare
806 4415 932 4504 igitur,
956 4412 1048 4487 hanc

55 4541 198 4617 qnoque
214 4514 413 4583 societatem
427 4538 532 4606 quam
549 4517 785 4608 cupidissime.

91 4616 95 4623 ’
161 4615 236 4686 Iam
257 4639 340 4683 vero
362 4626 480 4706 petere
500 4638 740 4705 regemsuum
758 4618 863 4687 etiam
878 4641 943 4709 pro
960 4643 1047 4688 con-

17 4748 21 4755 ’
53 4720 250 4811 sanguineo
272 4729 306 4786 et
327 4717 439 4785 amico
461 4740 525 4784 suo
544 4717 642 4808 Rege
655 4718 872 4806 Anglorum,
904 4733 946 4790 ut
966 4744 1045 4789 eum

54 4844 199 4921 quoque
220 4842 285 4887 suo
308 4819 451 4886 foedere
471 4818 672 4907 dignentur.
727 4818 885 4914 itemque
903 4844 970 4911 pro
986 4845 1047 4889 eo-

53 4950 137 4998 rum
164 4920 383 5003 oratoribus,
415 4918 453 4986 in
475 4944 563 5013 quos
585 4918 644 4991 hic
669 4921 859 4994 incidisset.
917 4922 1046 4992 Sedet

52 5052 121 5122 pro
136 5023 236 5095 Duce
250 5010 390 5090 Carolo
403 5018 583 5095 Geldriae.
633 5022 680 5094 Se
702 5025 797 5092 enim
821 5024 925 5092 fidem
943 5026 1045 5094 datu-

51 5154 136 5201 rum
158 5124 223 5218 pro
245 5148 287 5192 eo
305 5124 423 5191 omnia
437 5122 551 5190 fidelis
571 5136 604 5192 et
616 5126 691 5193 veri
705 5126 793 5195 socii
806 5126 919 5195 officia
939 5138 1044 5221 atque

53 5266 103 5307 „c
114 5228 219 5302 ....ia
233 5227 418 5295 facturum.
463 5221 643 5294 Praeterea
660 5250 779 5316 regem
794 5250 898 5296 suum
912 5223 1043 5298 liabere

53 5347 89 5405 et
109 5333 225 5423 ipsum
247 5328 285 5395 in
299 5327 415 5411 votis,
432 5339 473 5396 ut
496 5326 687 5399 concilium
712 5353 836 5400 verum
851 5341 996 5421 cogatur
1008 5342 1043 5400 et

1104 1634 1152 1699 ti
1169 1635 1247 1701 lineo
1258 1604 1404 1720 Princeps
1424 1648 1529 1702 noster
1542 1638 1665 1703 Elector
1678 1635 1835 1701 Senoniae
1856 1632 1901 1697 sic
1920 1628 2107 1725 respondite·

1205 1755 1290 1849 Egit
1311 1760 1440 1849 gratias
1461 1760 1505 1829 de
1527 1758 1760 1848 gratulatione
1777 1770 1852 1826 tum
1868 1751 2002 1823 foederi
2018 1763 2094 1820 tum

1104 1861 1294 1931 conventui
1311 1863 1413 1934 facta.
1465 1858 1605 1932 Foedus
1620 1861 1712 1930 iuter·
1727 1860 1821 1952 ipsos
1836 1880 1911 1924 non
1930 1877 2002 1923 esse
2019 1872 2095 1920 ere-

1138 2053 1164 2121 l)
1183 2049 1254 2104 Sunt
1266 2050 1331 2119 istae
1345 2048 1460 2118 litterae,
1479 2048 1625 2123 inscriptae
1640 2049 1745 2105 chartae
1758 2047 1940 2168 Pergamenae
1953 2041 1982 2095 in
1992 2038 2092 2095 Tibul·

1102 2150 1109 2156 -
1174 2119 1267 2174 Vinar.
1281 2119 1346 2188 Reg·
1359 2118 1394 2173 ll.
1405 2121 1453 2175 fol.
1464 2119 1509 2174 ⁹7.
1522 2139 1571 2174 no.
1584 2120 1638 2181 ⁴2..
1656 2130 1683 2173 et
1696 2116 1805 2188 quidem
1837 2132 1884 2167 aet
1903 2110 2094 2175 „Ffwclwsss

1173 2188 1236 2252 „dei
1272 2190 1336 2243 ratis
1354 2186 1526 2245 Francorum
1543 2188 1600 2243 lies
1619 2187 1697 2245 ulmo
1714 2198 1740 2239 et
1776 2181 1944 2237 otentisaimo
1964 2176 2091 2249 principi,

1173 2258 1234 2322 „Io.
1271 2259 1396 2324 ederico,
1419 2256 1547 2310 Saxouiae
1565 2254 1645 2324 duci,
1667 2252 1742 2309 Sacri
1756 2204 1836 2306 itam.
1853 2248 1963 2321 imperii
1982 2245 2094 2300 electori

1171 2335 1241 2390 „eto
1256 2325 1345 2380 amieo
1358 2335 1384 2377 et
1397 2327 1599 2395 consanguineo
1614 2323 1769 2394 carissimo,
1790 2321 1913 2375 salutern.
1951 2315 2016 2385 Quo
2032 2313 2093 2369 ani·

1172 2412 1237 2458 „uio
1261 2405 1288 2447 et
1311 2412 1366 2464 quo
1389 2392 1485 2447 affectu
1503 2406 1580 2447 antea
1596 2392 1764 2465 suscepimus
1785 2385 1981 2459 amplexatique
1999 2402 2092 2436 sumus

1172 2462 1402 2534 „pacificationem
1427 2460 1556 2516 ecclesiae
1575 2460 1748 2527 christianae,
1780 2459 1809 2511 iii
1827 2457 1925 2510 eodem
1943 2452 2092 2507 etiamnum

1171 2532 1362 2615 „persistentes
1388 2540 1467 2603 atque
1491 2530 1549 2583 eius
1572 2528 1766 2598 pacificationis
1783 2523 1990 2597 persequendae
2003 2518 2092 2641 tpratia

1171 2610 1240 2665 „isto
1265 2618 1340 2653 nunc
1356 2597 1488 2652 mittimus
1510 2599 1681 2651 Guti‘etmom
1700 2599 1859 2662 Bellatum,
1889 2589 1982 2662 langii
2022 2587 2093 2641 omi·

1170 2686 1271 2737 „num‚
1288 2666 1470 2721 consiliarium
1482 2668 1733 2737 cubiculariumquc
1747 2675 1871 2718 nostrum
1886 2660 2031 2725 intimum,
2046 2653 2093 2709 cui

1170 2748 1310 2802 „nostram
1326 2752 1442 2788 omnem
1461 2754 1542 2806 super
1561 2755 1591 2790 ea
1605 2734 1854 2804 recogitationem,
1878 2746 1988 2783 sensum
2002 2736 2027 2779 et
2039 2732 2093 2777 ata-

1171 2815 1247 2872 „tum
1264 2806 1435 2877 aperuimus.
1458 2805 1638 2877 inarimopere
1659 2805 1740 2859 etiam
1758 2812 1838 2874 atque
1857 2799 1937 2853 etiam
1949 2793 2092 2849 Excellen-

1169 2877 1252 2940 „tiam
1271 2883 1389 2931 vestram
1413 2884 1537 2943 rogantes
1556 2885 1582 2927 et
1601 2873 1780 2938 obtestantes,
1805 2879 1836 2924 ut
1853 2885 1904 2941 pro
1919 2863 1988 2918 virili
2006 2870 2092 2916 vetis!

1169 2964 1241 3008 „una
1262 2941 1408 2995 nobiscum
1428 2942 1590 2996 incumbatis
1608 2942 1636 2994 in
1653 2953 1706 2996 tam
1727 2943 1802 3014 pium
1820 2946 1997 3004 sanctumque
2010 2947 2091 3002 opus,

1168 3013 1279 3133 „sicgue
1300 3008 1435 3071 babeatis,
1458 3010 1532 3063 nulla
1547 3028 1595 3063 ios
1613 3011 1663 3064 alia
1675 3011 1703 3065 in
1717 3028 1747 3065 re
1760 3011 1793 3063 de
1807 3005 1887 3061 nobis
1900 3003 1999 3056 mereri
2012 3015 2091 3071 posse

1169 3101 1233 3142 „me
1246 3085 1302 3140 ius,
1324 3097 1404 3148 quam
1420 3079 1449 3131 in
1464 3098 1496 3131 eo
1511 3079 1619 3138 studio,
1642 3081 1716 3147 quod
1728 3095 1780 3132 vos
1793 3077 1822 3128 in
1836 3093 1893 3127 eam
1905 3090 1963 3124 rem
1976 3069 2090 3141 praesti·

1169 3149 1282 3221 „teritis
1315 3146 1428 3269 Reliipia
1448 3165 1477 3199 er
1498 3149 1593 3199 eodem
1609 3145 1731 3212 longia,
1757 3145 1802 3199 cui
1823 3161 1870 3196 ios
1889 3140 1950 3194 aliis
1968 3139 2047 3190 etiam
2062 3137 2091 3189 io

1170 3221 1280 3286 „rebus‚
1296 3232 1365 3289 quas
1377 3216 1386 3268 i
1399 3216 1423 3269 le
1434 3215 1606 3286 singulariter
1619 3213 1790 3269 excellentiae
1801 3222 1906 3271 vestrae
1920 3207 2021 3262 uostris
2034 3222 2091 3257 ier·

1169 3289 1230 3353 „bis
1250 3284 1419 3360 expositurus
1438 3295 1495 3349 est,
1519 3283 1685 3338 tantumdem
1706 3281 1768 3336 fidei
1788 3278 1932 3340 babebitis,
1959 3284 2090 3398 guantum

1169 3356 1268 3422 „nobis
1281 3354 1466 3426 praesentibus
1478 3352 1620 3405 haberetis.
1650 3350 1836 3405 illustrissime
1850 3358 1877 3401 et
1889 3347 1960 3400 Exce
1981 3341 2091 3395 entissi-

1168 3445 1230 3490 „me
1244 3424 1387 3505 princeps,
1410 3421 1496 3477 amice
1512 3431 1540 3473 et
1551 3419 1752 3487 consanguinee
1765 3417 1920 3482 carissime,
1943 3414 2019 3467 Deus
2035 3419 2091 3493 opt.

1167 3513 1254 3561 „man
1269 3493 1430 3564 dignitatem
1451 3500 1569 3545 vestram
1585 3498 1610 3540 et
1625 3497 1784 3543 ornamenta
1796 3495 1903 3539 tueatur
1916 3493 1941 3535 at
1962 3489 2088 3535 ucetiam

1168 3570 1287 3633 „augeat
1322 3558 1455 3627 Divione,
1471 3558 1513 3612 die
1525 3556 1597 3612 xix.
1612 3554 1773 3610 Novembris
1788 3556 1829 3609 M.
1843 3554 1880 3608 l).
1894 3552 1944 3607 ΧΧ
1973 3548 2007 3604 V.

1485 3658 1494 3668 ·
1657 3626 1807 3698 Francoys.
1947 3637 1952 3647 '

1919 3686 2037 3759 Bayaril.

1221 3767 1325 3823 Eodem
1346 3769 1408 3824 loco
1422 3766 1470 3821 aed
1485 3762 1510 3818 d.
1523 3765 1583 3819 XX.
1600 3762 1669 3818 Nos.
1686 3763 1761 3817 illius
1774 3756 1839 3817 anni
1854 3763 1928 3814 datae
1941 3765 2004 3811 sunt
2016 3753 2088 3809 litte·

1167 3855 1213 3891 rae
1226 3839 1248 3890 F
1249 3837 1365 3892 rancisci
1375 3837 1408 3891 ad
1422 3833 1640 3899 ..Reverendisa.,
1659 3833 1800 3889 illustriss.
1810 3830 1971 3901 Magnificus
1985 3835 2012 3877 et
2025 3841 2089 3896 spe·

1168 3907 1279 3961 ctaliiles
1291 3907 1410 3961 Ordines
1426 3905 1607 3968 Germaniae,
1630 3904 1658 3955 iu
1671 3903 1771 3974 oppido
1784 3897 1952 3954 Schmalcald
1970 3910 2088 3963 congre·

1167 3976 1273 4045 gatos,“
1290 3975 1399 4043 (Tabul.
1407 3974 1469 4027 Vin.
1477 3971 1515 4024 Re
1537 3971 1590 4024 .ll.
1601 3970 1695 4024 tot97.
1708 3972 1823 4038 no.42.),
1846 3968 1874 4020 in
1889 3965 1987 4038 quibua
1998 3962 2087 4032 legato

1130 4082 1134 4089 ·
1167 4063 1236 4111 auo,
1256 4046 1385 4113 Belloio,
1407 4043 1489 4096 tidem
1509 3992 1590 4106 sicii,
1611 4040 1657 4091 ubi
1670 4039 1735 4093 dicit
1747 4059 1808 4092 rex:
1842 4037 1956 4105 „Quum
1973 4043 1999 4086 et
2014 4031 2086 4085 nisil-

1167 4123 1279 4181 „torum
1297 4114 1331 4167 ad
1351 4131 1401 4167 nos
1422 4110 1505 4164 literis
1524 4118 1550 4160 et
1567 4107 1740 4179 quorundam
1761 4109 1841 4161 etiam
1855 4122 1981 4159 sermone
1996 4096 2086 4172 perla-

1168 4192 1245 4244 „tum
1263 4183 1313 4248 ait,
1338 4198 1386 4234 vos
1404 4178 1526 4251 proximo
1540 4175 1686 4231 Decembri
1702 4196 1792 4230 mense
1806 4184 1991 4230 conventuros
2004 4184 2088 4236 super

1166 4249 1305 4313 „ineundo
1321 4251 1363 4304 vel
1376 4248 1509 4301 firmando
1525 4245 1596 4298 inter
1612 4264 1661 4300 vos
1675 4244 1803 4312 foedere,
1823 4263 1887 4299 cuin
1903 4242 1935 4295 ad
1949 4238 2086 4320 propriam

1185 4328 1285 4372 restrae
1299 4317 1476 4385 Germaniae,
1498 4326 1554 4367 tum
1574 4315 1607 4368 ad
1626 4332 1802 4367 communem
1821 4309 1928 4385 imperii
1949 4304 2105 4363 christiani·

1168 4386 1329 4450 „tuitionem
1359 4397 1384 4440 et
1404 4382 1641 4455 tranquillitatem:
1671 4383 1836 4436 mitteremus
1857 4391 1946 4434 autem
1964 4378 2034 4430 istuc
2053 4372 2087 4425 ad

1167 4476 1232 4519 „ios
1249 4457 1422 4509 Gulielmum
1434 4454 1575 4506 Belloiiem
1587 4451 1757 4504 -rationes
1778 4470 1829 4503 iiiia
1845 4449 1985 4502 vobiscum
2002 4443 2086 4498 initii·

1167 4538 1245 4589 ,.runi
1264 4527 1297 4577 de
1316 4522 1456 4578 sarcienda
1474 4529 1501 4573 et
1514 4521 1700 4573 constituenda
1714 4519 1909 4573 ecclesiasticae
1923 4513 2085 4587 reipublicae

1166 4592 1347 4660 „concor-dia,
1369 4591 1456 4643 cisum
1477 4599 1517 4640 est
1532 4588 1625 4655 nobis,
1651 4599 1676 4641 et
1691 4588 1742 4641 hoc
1755 4587 1782 4640 in
1798 4585 1929 4642 mandatis
1946 4602 2003 4637 esse
2016 4577 2084 4657 adii·

1167 4662 1330 4725 ..ciendum,
1356 4670 1386 4715 ut
1403 4675 1472 4730 quae
1489 4666 1565 4709 retus
1584 4658 1657 4710 inter
1668 4676 1734 4723 noa,
1760 4665 1873 4710 vestram
1887 4654 1950 4707 dico
1963 4662 1991 4706 et
2002 4645 2086 4721 galli-

1164 4750 1241 4795 „cam
1262 4742 1389 4800 gentem,
1418 4726 1559 4781 intercedit
1579 4726 1711 4793 amicitia,
1737 4734 1869 4794 qnantum
1888 4742 1946 4777 eain
1964 4739 2013 4791 ego
2027 4733 2085 4769 esse

1166 4798 1289 4869 „cupiam
1305 4805 1503 4851 sacrosanctam
1524 4804 1550 4846 et
1567 4795 1705 4859 stabilem,
1731 4790 1777 4862 qui
1798 4792 1832 4845 ait
1849 4801 1942 4844 noster
1957 4810 1986 4840 ei·
2005 4807 2018 4840 a
2034 4801 2084 4838 eos

1164 4872 1304 4934 „animua,
1324 4886 1392 4935 quae
1406 4865 1547 4930 voluntas,
1566 4882 1647 4933 quam
1662 4860 1881 4926 amicescilicet,
1902 4876 1983 4926 quani
2017 4871 2083 4908 ena·

1164 4939 1259 5002 „iola,
1287 4954 1370 5006 quain
1387 4941 1531 4996 constans,
1561 4933 1658 4985 eodem
1679 4941 1768 4983 vestro
1789 4928 1817 4981 in
1838 4939 1972 4982 conventit
1993 4921 2083 4979 verbis

1164 5004 1282 5070 „nostris
1302 5005 1467 5067 declararet,
1492 5010 1572 5082 atque
1587 4999 1701 5053 eandem
1715 4995 1795 5050 etiam
1810 5008 1924 5050 veterem
1937 4990 2082 5072 amicitiam

1163 5075 1324 5139 „vobiscum
1339 5090 1392 5124 una
1405 5068 1576 5141 peculiariter
1588 5068 1749 5133 foederatis,
1768 5065 1879 5136 (quibus
1891 5064 1931 5117 illi
1944 5061 2084 5117 conditio-

1162 5143 1260 5209 „nibus
1274 5141 1454 5212 exposuimus)
1472 5140 1647 5191 confirmaret
1659 5137 1766 5208 denuo,
1790 5146 1869 5205 atque
1884 5135 1912 5186 in
1926 5131 2029 5186 tabulas
2046 5129 2081 5197 (si

1162 5224 1224 5276 gres
1239 5213 1273 5264 ita
1288 5228 1397 5281 poscere
1409 5208 1543 5276 videatur)
1562 5218 1591 5258 ut
1607 5204 1736 5258 referret:
1755 5202 1799 5257 cui
1815 5221 1862 5255 ros
1875 5203 1961 5274 legato
1974 5210 2000 5255 et
2013 5216 2081 5252 ora·

1162 5280 1232 5346 „tori
1254 5288 1348 5332 nostro
1367 5277 1535 5332 tantumdem
1552 5275 1615 5330 fidei
1629 5274 1745 5329 babeatis
1762 5274 1858 5332 selim,
1881 5281 2012 5342 quantum
2026 5286 2080 5322 no·
2124 5321 2131 5338 ,

1161 5350 1219 5416 „bis
1231 5349 1303 5420 ipsis,
1322 5348 1345 5401 si
1359 5346 1568 5402 reni'iobiscum
1583 5361 1636 5398 una
1649 5352 1834 5416 tractaremus,
1851 5340 2012 5395 baberetiw‘
2091 5402 2097 5411 .
