4522 5760
73 220 157 299 ne
190 172 219 179 ²
652 212 1101 339 nersrouanun
1150 216 1261 294 mn.
1299 218 1366 297 vr.
1417 222 1552 301 mae.
1952 246 1954 251 ·
2045 234 2120 311 ras

75 389 160 465 Hoc
185 401 329 464 tautum
351 389 629 465 adscribendum
650 391 758 480 duxi,
797 386 868 464 hoe
890 391 1076 485 ingenium
1127 412 1233 463 curae
1249 392 1390 465 futuros
1405 416 1491 481 esse,
1559 418 1617 467 am
1632 408 1715 467 sunt
1728 400 1842 469 nostri
1857 423 1899 470 ex
1914 402 2020 475 nobis
2033 406 2120 480 nati.

75 493 196 566 videri
207 486 300 563 mihi
315 493 482 587 inprimis
496 492 657 585 dignum,
681 496 779 589 quod
793 494 975 582 foveatur5
1000 518 1077 565 non
1124 488 1172 567 D.
1183 490 1288 564 Doct.
1308 491 1419 569 Marc
1431 487 1512 565 Lus
1542 519 1623 566 crus
1644 498 1835 590 pollicetur
1852 501 1903 571 eis
1928 498 2121 578 habitatio-

60 597 197 673 solum
218 594 303 690 quia
321 596 467 669 virtutis
491 597 611 669 studia
631 610 704 669 tam
726 590 956 669 vehementer
971 610 1077 683 amat,
1126 617 1210 665 nem
1225 595 1549 668 commodissimam
1565 599 1604 668 in
1618 599 1691 669 suis
1704 602 1865 687 aedibus,
1891 616 1925 672 et
1939 628 2022 676 suae
2035 632 2120 701 pro-

73 697 266 775 sedetiam'
274 697 360 792 quia
374 694 497 795 iam¹⁰)
513 696 631 771 tantos
644 698 730 771 lecit
744 722 962 791 progressus,
973 711 1015 771 nt
1029 699 1076 770 sit
1124 696 1224 788 priae
1252 720 1394 768 mensae
1414 722 1475 769 eos
1499 692 1695 774 adhibebit.
1754 699 1809 773 De
1831 705 2036 777 valetudine
2058 733 2120 778 ve-

73 798 270 891 indignnm
298 823 381 871 eum
412 798 515 897 quasi
543 790 630 872 novi
650 801 770 893 operis
792 797 1074 898 nunciatione¹¹)
1124 811 1196 869 stra
1219 798 1315 871 scitis
1338 793 1508 893 scriptum
1533 802 1621 872 ess'e:
1664 797 1774 872 locta
1799 829 1924 875 curam
1949 814 2052 878 tuam
2077 810 2117 879 in

73 902 122 973 ab
146 892 218 973 hoc
232 900 394 973 instituto
413 900 553 975 abduci.
603 898 648 973 In
667 903 829 974 oratioue
854 903 929 974 eius
942 901 1073 975 Latina
1122 893 1264 980 Daune,
1291 906 1324 969 et
1340 898 1416 998 ipsc
1435 909 1468 971 te
1485 897 1660 973 exaudies
1678 910 1711 972 ct
1726 901 1962 979 conservabit.
2009 905 2119 982 Chri.

72 1018 153 1073 non
182 1003 300 1073 solum
329 1004 523 1074 mundities
544 1017 598 1076 est
615 1018 656 1075 -et
676 1005 848 1095 elegantia
873 1005 1073 1095 singularis,
1123 1014 1196 1071 stus
1218 1003 1366 1073 donavit
1388 1005 1489 1074 vobis
1509 1001 1697 1096 Evangelii
1721 1008 1777 1076 sui
1800 1008 2039 1103 cognitionem
2061 1010 2118 1085 lo·

73 1104 260 1175 sedetiam
274 1106 448 1198 quaedam
464 1100 540 1176 nori
556 1106 714 1177 insuavis
730 1107 841 1201 copia.
883 1103 934 1179 Et
957 1131 1072 1178 mores
1123 1104 1314 1194 cupletem3
1346 1100 1438 1176 hanc
1462 1129 1566 1197 spero
1589 1106 1691 1178 vobis
1714 1108 1840 1180 solatio
1866 1134 1950 1183 esse.
2009 1109 2116 1185 Scitis

74 1218 161 1277 sunt
175 1206 441 1281 modestissimi.
1122 1204 1235 1290 enirn,
1269 1202 1386 1275 Deum
1409 1204 1634 1304 praecipue³)
1659 1209 1750 1279 velle
1770 1211 1840 1280 coli
1860 1212 1941 1285 fide.
2001 1211 2115 1304 Igitur

103 1370 106 1375 .
139 1378 142 1383 ,
176 1304 424 1387 Haerentem
450 1308 560 1379 fuerit
588 1310 811 1405 eleemosyna
844 1332 925 1380 vere
956 1311 1072 1401 regia,
1121 1305 1245 1396 erigite
1255 1302 1285 1402 ⁴)
1306 1307 1466 1378 animum
1483 1310 1611 1380 fiducia
1628 1311 1890 1382 misericordiae
1904 1307 2056 1402 Christi,
2081 1332 2116 1388 et

72 1406 121 1481 ad
143 1404 369 1491 Christianae
388 1406 569 1489 Ecclesiae
589 1412 781 1484 utilitatem
813 1410 898 1483 talia
927 1411 1070 1502 ingenia
1121 1407 1280 1493 statuite,
1308 1411 1405 1501 quod
1427 1433 1491 1479 vos
1515 1426 1717 1483 servaturus
1739 1414 1800 1494 sit,
1830 1428 1871 1485 ut
1890 1429 1983 1489 certe
1999 1418 2114 1491 faciet.

72 1514 316 1605 fovereatque
329 1512 436 1587 alere.
504 1549 507 1553 ·
1120 1504 1185 1579 Est
1207 1508 1302 1577 enim
1314 1506 1423 1581 Dens
1435 1507 1593 1583 salvans
1610 1528 1645 1585 et
1666 1508 1817 1584 educens
1840 1537 1887 1584 cx
1906 1524 2040 1604 morte,
2072 1534 2114 1590 ut

174 1611 426 1685 Sanctissimns
446 1610 626 1707 Propheta
644 1610 791 1684 Esaias
821 1615 972 1685 laudans
1001 1609 1070 1685 hoc
1118 1610 1281 1680 Psalmus
1294 1613 1355 1698 ait,
1376 1636 1437 1683 nec
1449 1611 1541 1683 sinit
1557 1609 1741 1714 confundi
1752 1639 1822 1698 eos,
1843 1615 1911 1714 qni
1925 1612 2112 1711 confidunt

72 1715 504 1809 geuuseleemosynarum
517 1717 653 1810 inquit,
675 1715 985 1805 Reginasfuturas
999 1739 1082 1785 nu-.
1121 1710 1161 1780 in
1176 1710 1307 1808 ipsum.
1350 1712 1429 1785 Hoc
1451 1716 1661 1787 sacrificium
1683 1718 1832 1788 fiduciae
1852 1732 2025 1810 praestate
2041 1722 2111 1792 iarn

73 1816 180 1887 trices
196 1814 647 1909 studiosorumEvangelii.
679 1816 804 1910 Inque
817 1841 967 1887 numero
976 1813 1018 1912 ¹²)
1033 1831 1067 1887 te
1119 1810 1214 1901 Deo;
1245 1815 1283 1884 id
1305 1816 1401 1885 enim
1423 1818 1576 1894 maxime
1593 1819 1738 1910 prohat,
1771 1832 1805 1889 et
1818 1822 1988 1913 requirit,
2021 1820 2112 1894 sicut

73 1917 306 2007 iamdudum
323 1943 387 2010 per
401 1933 516 1991 totum
531 1921 655 1991 orbem
671 1934 846 1991 terrarum
859 1915 1019 1989 Ecclesia
1026 1913 1068 2015 ¹³)
1118 1913 1280 1986 Psahnus
1295 1913 1331 1990 4.
1354 1919 1419 1988 ait:
1449 1913 1676 2013 sanctificate
1694 1914 1917 2013 sacrificinm
1935 1919 2111 2011 institiae,

72 2016 243 2103 collocat,
268 2034 306 2091 et
317 2022 517 2095 recensebit
524 2017 627 2116 ¹⁴)*ad
644 2035 804 2115 posteros
815 2020 980 2091 universa
996 2014 1068 2091 Ec-
1119 2022 1151 2085 cl
1172 2026 1314 2114 sperate
1338 2017 1378 2088 r'n
1393 2013 1573 2094 Domino.
1625 2020 1743 2092 Facile
1765 2024 1831 2092 erit
1851 2024 2006 2114 perferre
2029 2049 2112 2095 cor-

72 2119 196 2211 clesia.
217 2126 230 2183 ’.
243 2116 390 2195 Etenim
408 2148 492 2213 anm
503 2138 664 2196 -caeteras
681 2124 830 2195 virtutes
845 2146 928 2193 vera
942 2118 1068 2193 Eccle-
1117 2119 1216 2210 poris
1232 2121 1390 2207 dolores,
1423 2122 1453 2190 si
1476 2124 1637 2193 animum
1650 2137 1807 2194 vestrum
1822 2118 1889 2195 hac
1903 2126 1973 2195 lide
1989 2150 2110 2197 erexe-

73 2222 296 2303 siasummo
326 2248 464 2319 semper
488 2225 606 2299 studio
629 2225 735 2311 colit,
779 2240 856 2296 tum
879 2225 1067 2316 praecipue
1117 2220 1196 2289 ritis
1207 2216 1248 2316 ⁸).
1297 2217 1353 2291 Ex
1365 2223 1484 2293 animo
1500 2225 1610 2317 igitur
1624 2241 1728 2317 opto,
1757 2239 1797 2295 ut
1813 2220 1993 2313 Christus,
2019 2230 2108 2300 sicut

71 2324 353 2418 gratitudinem
582 2396 585 2401 ,
1118 2323 1216 2391 dedit
1246 2323 1349 2392 vohis
1379 2327 1551 2415 evangelii
1582 2328 1638 2396 sui
1667 2326 1923 2417 cognitionem,
1967 2331 2017 2400 ita
2044 2336 2111 2401 vus

165 2422 358 2505 ..Postremo
375 2441 475 2521 peto,
500 2442 539 2501 nt
553 2422 618 2497 has
632 2450 727 2499 meas
741 2428 863 2498 literas
877 2425 967 2497 honi
980 2450 1067 2496 con-
1117 2422 1290 2495 confortet
1314 2437 1349 2496 et
1369 2429 1583 2499 corroboret.
1641 2424 1691 2498 Et
1713 2442 1806 2499 certe
1828 2453 1903 2499 non
1923 2431 2012 2502 solet
2035 2455 2107 2503 esse

72 2516 170 2621 sulat
181 2523 365 2607 Celsitudo
382 2542 460 2611 tua,
492 2552 534 2601 ac
555 2554 611 2600 me
625 2554 769 2625 quoque
782 2529 876 2599 inter
890 2527 1067 2599 studiosos
1117 2524 1224 2595 inane
1240 2522 1487 2617 Evangelium.
1536 2526 1603 2600 Est
1619 2530 1714 2598 enim
1728 2531 1885 2622 potentia
1900 2529 1968 2600 Dei
1985 2533 2031 2601 ad
2052 2556 2109 2603 sa-

71 2628 252 2715 bonatum
266 2631 396 2701 artium
412 2635 699 2720 commendatum
712 2628 852 2705 habeat.
875 2624 1066 2721 Beneac¹.⁵)
1116 2627 1229 2698 lutem
1246 2629 1347 2698 omni
1367 2630 1539 2704 credenti·
1586 2629 1657 2703 Sed
1682 2624 1769 2701 hacc
1793 2656 1896 2723 spero
1920 2633 2024 2703 etiam
2047 2658 2108 2704 cu·

73 2716 250 2825 foeliciter
270 2733 385 2803 valeat
403 2730 586 2805 Celsitudo
605 2732 697 2807 Tua.
755 2729 864 2804 Anno
882 2724 1066 2824 ebriant)
1117 2728 1319 2821 piosius‘ab
1342 2732 1423 2801 aliis
1442 2732 1544 2803 vobis
1564 2732 1736 2826 proponi,
1777 2748 1811 2805 et
1835 2757 1899 2804 vos
1926 2735 1996 2825 ipsi
2020 2728 2108 2806 haec

75 2820 209 2911 15βᾶ
242 2831 366 2903 Idibus
381 2830 540 2931 lunii¹⁷).
1116 2832 1238 2902 nostis.
1290 2830 1362 2903 Sed
1383 2847 1502 2903 tamen
1525 2835 1628 2905 iussit
1646 2830 1827 2921 Christus,
1858 2850 1900 2906 ut
1915 2859 1979 2906 suo
1995 2838 2106 2908 verbo

89 2950 112 2965 ··
168 2946 174 2951 ·
490 3010 493 3015 Ι
1116 2957 1183 3002 nos
1196 2947 1323 3005 mutuo
1338 2930 1567 3006 cohortemur
1580 2939 1626 3007 ad
1641 2938 1759 3011 fidem.
1799 2935 1854 3006 De
1866 2937 2113 3030 pacificatione

27 3106 33 3117 ,
71 3062 143 3137 No·
160 3061 273 3136 1195·
829 3071 1068 3154 (amhn.)
1117 3056 1196 3105 cum
1210 3058 1292 3125 rege
1301 3028 1338 3131 *)
1353 3032 1471 3106 adhuc
1484 3062 1550 3107 nos
1562 3035 1655 3107 nihil
1672 3039 1759 3108 certi
1774 3034 1956 3112 habemns.
2006 3033 2106 3109 Pon-

80 3157 256 3211 ’σμῆν
851 3169 1063 3203 w
1117 3143 1230 3206 lanus
1251 3131 1368 3206 adhuc
1389 3139 1485 3208 abest
1506 3163 1586 3209 cum
1606 3140 1778 3232 principe.
1828 3139 1925 3210 Deus
1946 3142 2007 3211 det
2023 3142 2106 3211 feli-

86 3226 94 3315 j
176 3302 183 3333 Γ
237 3310 242 3321 ³
413 3210 508 3300 ῙοῙι.
538 3214 728 3302 Racilio,
973 3220 983 3235 ’
1117 3262 1192 3308 cem
1213 3236 1346 3308 exitum
1367 3233 1425 3307 his
1448 3241 1609 3329 negotiis.
1658 3240 1797 3309 Videtis
1813 3234 2058 3336 Landgraoir'
2072 3256 2107 3312 st

135 3360 165 3453 *a
178 3354 292 3497 ἤιξε)
324 3354 401 3480 pphp
419 3356 967 3484 ffg‘ssignssi'glddlrl'ffiiggffd'
981 3360 1065 3417 Gora.
1117 3341 1277 3410 animum
1299 3353 1333 3410 et
1351 3335 1607 3438 successus**).
1664 3335 1829 3413 Christus
1850 3343 1927 3427 det,
1959 3356 2000 3413 ut
2020 3366 2107 3437 pro-

105 3496 157 3521 'r'
275 3462 282 3479 ι
366 3445 470 3481 ecs
556 3445 596 3481 30·
645 3446 716 3511 ello·
770 3449 823 3503 op.
915 3469 922 3484 ι

72 3538 124 3623 V
118 3534 180 3633 iro
201 3542 337 3643 optimo
360 3540 415 3615 D.
444 3540 475 3613 Ι
478 3544 624 3615 oanni
651 3540 870 3630 Ruellio,
910 3544 1069 3620 Doctorr'
1275 3584 1285 3597 Α
1718 3540 1814 3619 Phil.
1829 3541 2054 3622 Melanthum

105 3714 123 3739 ,ι
168 3718 173 3731 ,
211 3714 214 3735 ,
246 3643 385 3737 ,Ιανὶὴ
397 3645 529 3733 ¹antico
546 3670 615 3715 sno
628 3644 883 3747 praecipua&
1140 3642 1310 3748 Nondum
1319 3641 1349 3741 ’)
1363 3658 1530 3718 statuerat
1542 3659 1638 3716 recto
1652 3641 1699 3720 D.
1712 3644 1848 3718 Ductor
1861 3642 1891 3716 I
1889 3671 1982 3718 onos
1995 3671 2031 3717 se
2045 3671 2107 3717 us-

71 3742 163 3837 Etsi
177 3765 252 3858 ipse
261 3760 307 3862 a),
339 3788 419 3835 cum
433 3765 589 3856 primum
599 3779 744 3857 'pomo’
776 3768 917 3838 decrevi
931 3792 994 3838 vos
1008 3770 1066 3838 jn„
1166 3770 1235 3840 que
1250 3746 1402 3864 inillam
1412 3740 1634 3838 Thuringiae
1648 3771 1746 3818 oram
1760 3750 2003 3840 profecturum
2015 3773 2104 3834 esse;

70 3867 206 3953 vim,
243 3864 391 3962 (magno
413 3866 509 3935 enim
530 3866 655 3937 dolose
673 3868 808 3938 afficior
831 3884 976 3963 propte„
1001 3873 1064 3940 ad.
1167 3848 1301 3940 alioque
1315 3849 1552 3919 adiunxissem
1564 3873 1620 3918 me
1634 3850 1677 3919 ei.
1707 3846 1801 3919 Dedi
1815 3864 1933 3920 tamen
1947 3845 2015 3921 hoc
2029 3851 2107 3943 epi-

72 3967 477 4041 „mmzvapeffldinffl
497 3965 687 4065 venum)
722 3981 842 4041 tamen
866 3997 964 4042 nune
984 3973 1066 4043 dedi
1166 3950 1329 4034 stolium,
1351 3964 1401 4031 ut,
1425 3951 1455 4018 si
1470 3952 1513 4019 ad
1528 3973 1591 4019 vos
1608 3950 1737 4036 veniet,
1760 3951 2025 4041 intelligeretis,
2049 3976 2107 4021 me

71 4066 274 4145 bastinae
296 4070 341 4140 ad
363 4092 447 4155 vos,
479 4080 520 4137 nt
541 4070 667 4139 absens
688 4070 806 4165 aliqua
829 4098 871 4143 ex
888 4087 1007 4165 parte,
1035 4074 1067 4142 si
1166 4075 1241 4120 ¹¹⁰⁰
1267 4073 1340 4120 ⁰⁸³⁰
1361 4051 1513 4121 ⁰bll¹¹¹¹¹¹
1529 4052 1694 4170 Pfqmlffii
1708 4052 1793 4147 mele.
1842 4050 1934 4170 (lum
1950 4054 2107 4173 Ρῐὶῐῑξῦξῃ

19 4178 22 4183 ’
72 4192 235 4262 possem
266 4171 419 4241 levarem
439 4183 572 4241 vestras
594 4171 851 4245 sollicitudines
861 4173 905 4273 ²).
954 4174 1066 4247 Filios
1167 4166 1289 4244 P⁰l⁰l⁰
1319 4153 1364 4223 ad
1393 4153 2106 4249 νθῧ011)ῧῦθῦοἳΕΠΜῙΙἿΠΟΗΜΜ·

73 4278 230 4357 mm,
249 4274 415 4364 „pgmgs
434 4272 690 4357 adolescentes,
719 4275 842 4348 scitote
865 4276 970 4349 nobi,
993 4291 1065 4348 pam
1167 4253 1313 4326 Utinam
1340 4276 1403 4323 vos
1421 4253 1606 4322 videamus
1623 4254 1776 4343 optimae
1792 4255 1991 4326 valetudini
2004 4258 2108 4328 resti-

1166 4354 1279 4425 tutos!
1306 4354 1397 4424 Nam
1411 4354 1530 4423 animo
1544 4354 1594 4424 ita
1608 4355 1813 4425 confirmato
1827 4380 1891 4426 vos
1906 4381 1979 4428 esse
1994 4382 2107 4450 spero,

111 4439 124 4491 l
173 4439 233 4499 rirrn
247 4433 346 4491 excidit
358 4432 428 4505 apud
441 4432 529 4493 Maul.

109 4506 143 4559 η
166 4506 390 4573 ,ΜΝ-ομ
405 4505 500 4566 m]
518 4498 593 4555 pm
604 4501 784 4568 praetermisit
799 4503 902 4573 reret,
928 4505 975 4557 sed
991 4507 1065 4560 extri·
1167 4469 1209 4526 ut
1225 4456 1376 4573 etiamsi
1393 4458 1539 4574 morbus
1554 4481 1617 4526 vos
1634 4457 1768 4575 diutius
1786 4473 1960 4547 exerceat,
1974 4470 2106 4531 'tamen

105 4588 140 4639 ,ῃ
201 4571 362 4637 rmntios,
377 4570 458 4631 esda.
474 4569 557 4623 Gora.
570 4581 595 4623 n
608 4571 671 4625 eod.
682 4572 723 4625 Μ.
1168 4551 1235 4627 hoc
1262 4557 1470 4626 sacrrficrum
1492 4556 1568 4628 Deo
1596 4572 1713 4628 scratrs
1741 4563 1993 4650 praestandum
2022 4584 2108 4647 esse,

109 4642 157 4779 ὃ)
173 4642 306 4767 Ξᾜέ
316 4638 562 4765 fflgnflaffijffi
1046 4720 1050 4727 .
1165 4672 1207 4728 ut
1238 4658 1391 4728 libenter
1416 4657 1485 4729 Dei
1520 4647 1695 4730 voluuta’ti
1727 4646 1934 4738 obediatis.'
1970 4656 2104 4733 Omnia

108 4782 157 4845 14)
173 4777 262 4832 Manl-
276 4786 418 4845 recanset,
437 4774 499 4830 cod.
513 4775 585 4846 bips.
599 4779 734 4837 rescribit.
1124 4792 1341 4811 ·············
1586 4786 1589 4791 '

109 4850 157 4913 ts)
176 4844 325 4914 001Manl·
341 4854 377 4898 et·
966 4869 973 4885 ·
1150 4848 1179 4915 8)
1194 4850 1342 4916 praecipua
1357 4866 1412 4902 non
1428 4848 1526 4920 legitor
1538 4848 1567 4902 iu
1582 4849 1643 4905 cod.
1656 4848 1689 4903 Β.

109 4920 127 4973 1
177 4916 297 4998 aaran]
311 4910 398 4995 blanl.
407 4912 537 4971 Demetri.
715 4980 722 4994 ο
951 4982 957 4997 Ι
1150 4916 1180 4979 4)
1198 4912 1269 4969 (led.
1284 4916 1316 4969 B.
1336 4917 1406 4969 Ideo
1418 4920 1546 5001 κοιμίζει
1566 4920 1629 4973 cod.
1641 4918 1756 4975 Mones.
1772 4917 1843 4975 Ideo
1856 4920 1983 4985 stagneis.

110 4916 277 5106 Ιῇἒ-Ιάιόω
287 4980 379 5049 [aaa]
389 4978 456 5064 fes.
470 4988 497 5032 et
511 4980 574 5039 cod.
586 4980 653 5037 ttav.
667 4991 807 5065 omrttnnt.
842 4980 913 5039 cot.
929 4984 1000 5054 laps.
1018 4985 1067 5038 ba-
1151 4986 1181 5052 5)
1198 4984 1348 5066 θοώβιν.
1363 4995 1556 5039 exercemus.

166 5052 320 5136 stupidus
328 5048 414 5123 Innn,
432 5047 579 5105 eadwi-t
598 5049 640 5105 ts.
648 5051 691 5137 ld.
699 5050 789 5115 lunen
804 5051 867 5106 cod.
875 5052 932 5105 Ma
950 5052 1068 5117 liddae
1150 5055 1181 5115 *l
1199 5054 1384 5134 Ferdrnando.
1723 5122 1730 5137 ·
1940 5125 1947 5140 Ι

108 5122 257 5259 *lIgilude
276 5189 374 5241 morbo
386 5185 487 5272 Ruellii
500 5186 611 5241 Lutheri
633 5186 711 5257 epist.
733 5188 766 5241 sd
784 5188 899 5243 cundem
913 5190 939 5245 d.
952 5190 994 5244 29.
1007 5190 1067 5247 lun.
1150 5120 2105 5263 *spiellp'tprlppperplppp'tffipkpphffintvtpdpkleetffirepppromenplglfi

109 5330 141 5395 1)
148 5259 230 5386 lilii.
243 5324 306 5385 Bur.
320 5334 457 5391 tempore.
489 5392 497 5410 ⁹
514 5394 520 5407 Ι
575 5394 582 5407 .
619 5390 623 5395 ¹
1152 5259 1398 5452 p)P002‹i.2ltiobsc.
1410 5327 1499 5383 addite
1517 5346 1594 5382 anno
1607 5332 1683 5410 dom.
1699 5327 1775 5383 1584.
1789 5346 1889 5386 mense
1899 5330 1982 5390 tnta.

109 5399 142 5463 2)
160 5396 230 5451 eod.
244 5392 276 5447 B.
288 5402 417 5448 vestram
430 5395 654 5449 wttenunnem.
1169 5406 1181 5469 )
1199 5398 1336 5518 {pagana
1345 5408 1399 5453 ete.
1411 5416 1471 5452 non
1484 5398 1613 5471 leguntur
1625 5414 1656 5449 ιιι
1667 5396 1731 5454 eorl.
1741 5398 1854 5457 Monac.

1116 3438 1189 3512 sint
1203 3463 1287 3513 suae
1301 3442 1465 3513 ccclesiae
1480 3466 1537 3530 ea,
1562 3466 1652 3538 quae
1666 3445 1756 3534 gerit
1769 3441 2015 3534 Landgravius
2024 3439 2068 3541 ο).
2150 3496 2159 3513 2
