4522 5760
88 168 143 245 ss·
435 158 525 265 ss
674 132 1537 259 rrrsronauounin.v.1sso.
1835 290 1839 299 Ι
2071 184 2123 259 se

19 382 27 391 ··
85 342 215 416 ciam
239 342 484 437 intempestive
507 346 656 429 detorsit
676 350 722 419 ad
746 374 891 419 coenam
914 346 1074 435 Domini,
1124 348 1216 421 nulli
1232 349 1324 420 cedit
1342 344 1434 420 hanc
1448 349 1589 421 laudem
1606 352 1747 423 inventi
1762 352 1950 443 dogmatis.
1984 352 2122 432 Verum

86 472 175 541 quse
197 449 351 523 citantur
374 461 498 529 contra
516 471 600 533 uos,
641 461 675 520 et
696 451 826 523 multos
848 447 1075 523 vehementer
1124 446 1210 521 haee
1230 452 1273 521 de
1290 441 1558 525 Carolostadr'o
1578 455 1704 547 scripsi
1726 469 1873 547 propter
1896 455 2032 525 vicinos
2055 480 2125 527 no-

86 564 262 631 etercents
324 547 396 619 Sed
422 548 527 621 illum
556 550 675 637 locum
706 553 852 643 propius
877 552 1076 644 inspectum
1124 564 1228 636 stros,
1251 565 1303 636 ut,
1325 552 1356 621 si
1370 553 1457 645 quid
1474 555 1692 628 auctoritatis
1706 568 1757 627 est
1773 555 1812 627 in
1827 548 1949 627 nostro
1963 559 2126 629 testimo·

87 651 362 742 comperiemus,
394 645 489 721 nihil
514 652 656 729 adrem
679 653 803 725 lacere.
853 652 953 727 Duos
975 656 1075 725 locos
1124 654 1206 737 nio,
1243 654 1417 725 admoniti
1439 671 1586 727 caveant
1607 658 1652 725 ab
1674 657 1741 729 isto
1763 671 1940 749 portento.
2008 658 2126 731 Miras

86 753 132 822 ad
144 774 341 834 summum,
370 753 622 845 necamplins,
657 756 841 843 proferunt
864 756 941 840 isti,
974 757 1073 849 quia
1125 754 1220 823 enirn
1239 768 1330 824 artes
1347 768 1459 839 ten'et,
1481 756 1913 847 'etmirciucataosiicim
1939 760 2125 851 quihusse

87 853 192 929 nobis
223 852 457 941 dissentiunt,
496 853 795 945 exscriptoribus
824 858 1001 931 veteribus
1029 860 1074 926 ad
1125 855 1282 925 insinuat
1311 857 1350 924 in
1379 850 1565 926 hominum
1597 860 1755 942 animos,
1794 862 1934 929 tametsi
1959 876 2125 933 naturam

87 954 296 1024 seutentiam
311 978 411 1025 snam
427 956 733 1051 confirmandam..
763 954 839 1047 Ego
856 983 988 1027 novom
1008 961 1075 1027 do-
1125 957 1355 1027 dissimnlare
1366 980 1440 1027 non
1455 958 1521 1027 diu
1535 973 1660 1050 potest.
1711 958 1831 1031 Habet
1852 960 2036 1049 ingenium
2059 986 2127 1033 ve·

86 1080 184 1146 gnra,
215 1056 310 1148 quod
329 1057 517 1127 maximam
536 1059 678 1133 ruinam
700 1083 820 1129 rerum
840 1061 1075 1133 maximarum
1125 1055 1271 1129 hernens
1285 1071 1321 1128 et
1336 1058 1553 1149 inquietum,
1576 1084 1686 1153 quare
1700 1062 1951 1149 ambitionem,
1979 1064 2127 1142 iratum

86 1180 208 1229 secum
221 1150 350 1242 trahit,
372 1159 457 1227 sine
471 1158 687 1229 firmioribus
704 1162 914 1233 testimoniis
925 1186 1000 1235 non
1015 1185 1076 1232 ve·
1126 1160 1220 1229 diam
1236 1172 1272 1229 ct
1286 1160 1458 1231 invidiam
1475 1161 1545 1231 cito
1561 1163 1694 1252 prodit.
1730 1167 1739 1189 '
1851 1208 1855 1215 -

87 1259 153 1329 lirn
168 1259 337 1350 profiteri.
389 1257 507 1329 Grave
524 1274 576 1333 cst
590 1260 686 1330 enirn
702 1261 875 1333 sustinere
892 1264 1076 1337 conscien·
2059 1332 2062 1337 .
2112 1308 2115 1313 ·

88 1362 174 1441 tiam
197 1361 362 1441 excitatae
383 1374 500 1431 tantae
521 1361 731 1449 discordiae.
787 1357 1075 1445 Corolostadius
1227 1357 1367 1451 inspexi
1392 1373 1426 1430 et
1452 1355 1498 1433 V
1494 1354 1726 1459 uigleplrum,
1752 1366 1834 1458 'qni
1861 1366 1964 1435 valde
1986 1367 2125 1437 tumul-

66 1462 245 1554 ·primum
272 1463 434 1545 excitarit
461 1457 557 1533 hunc
584 1464 792 1550 tumultum,
833 1462 940 1537 homo
970 1467 1077 1550 ierus,
1127 1462 1301 1533 tuetur-in
1315 1458 1382 1533 hac
1399 1465 1658 1549 controversia,
1687 1467 1749 1536 sed
1773 1463 1992 1558 deprehendi
2018 1467 2057 1537 in
2072 1490 2125 1539 ·eo

89 1563 165 1633 sine
181 1563 345 1653 ingenio,
377 1565 453 1633 sine
470 1566 648 1649 doctrina,
674 1566 750 1635 sine
764 1590 869 1637 sensu
884 1569 1077 1652 communi,
1127 1564 1239 1635 multa
1261 1564 1331 1633 alia
1356 1577 1485 1648 errata,
1520 1590 1561 1635 ex
1583 1567 1714 1658 quibus
1735 1567 1911 1637 iudicium
1931 1569 2125 1660 des-{spiritu

90 1689 194 1758 quem
220 1666 360 1735 nullum
386 1690 543 1758 unquam
573 1661 803 1737 humanitatis
831 1668 987 1738 officium
1016 1684 1077 1740 aut
1128 1665 1203 1735 eius
1225 1665 1303 1734 lieri
1322 1677 1446 1755 potest.
1497 1664 1649 1737 Prorsus
1669 1692 1735 1739 nec
1759 1669 1948 1753 intellexit,
1982 1692 2048 1739 nec
2068 1684 2123 1741 te·

91 1765 305 1855 intelligere,
346 1783 406 1839 aut
432 1767 545 1837 facere
567 1768 896 1850 animadvertimus3
938 1784 1076 1840 tantum
1129 1766 1217 1841 nuit
1243 1766 1539 1840 fidei-iustitiam.
1601 1767 1723 1859 lncpte
1747 1771 1936 1839 confundit
1956 1767 2122 1861 Evange-

90 1870 204 1948 abest,
243 1870 402 1943 utinen
425 1868 632 1958 significatio
655 1870 773 1962 aliqua
800 1872 943 1962 spiritus
966 1872 1078 1941 sancti
1129 1866 1445 1947 liumetPolitica‚
1470 1892 1536 1936 nec
1554 1869 1651 1940 videt
1666 1867 1900 1960 Evangelium
1915 1873 2021 1941 nobis
2036 1897 2121 1942 con-

91 1970 334 2047 animadversa
360 1972 415 2039 sit.
469 1969 543 2039 lmo
563 1984 680 2042 extant
695 1972 879 2042 manifesta
892 1974 991 2061 signa
1010 1974 1077 2040 im·
1129 1971 1269 2052 cedere,
1296 1981 1336 2037 ut
1354 1969 1520 2057 legitimis
1537 1972 1699 2039 omniurn
1716 1973 1873 2061 gentium
1891 1973 2026 2063 politiis
2041 1988 2121 2045 uta·

91 2071 242 2163 pietatis.
294 2068 336 2140 ln
359 2085 432 2141 tota
452 2062 613 2142 doctrina
633 2072 768 2143 solebat
790 2069 994 2161 ἰουδαΐζειν
1016 2069 1079 2146 καὶ
1130 2080 1221 2139 ntur.
1269 2067 1464 2143 Contendit
1486 2070 1699 2163 presbyteris
1722 2098 1797 2142 non
1819 2074 1944 2158 licere,
1976 2088 2018 2143 ut
2038 2096 2123 2166 pos-

93 2166 313 2258 στασιάζειν.
370 2173 571 2251 Damnabat
594 2197 717 2243 omnes
739 2176 832 2265 leges
850 2178 896 2245 ab
915 2171 1080 2245 Ethnicis
1130 2170 1267 2242 sideant
1282 2172 1476 2263 quidquam
1493 2172 1689 2263 proprium.
1740 2172 1903 2247 Decimae
1918 2176 2028 2245 nullis
2043 2177 2122 2247 vult

93 2274 267 2359 conditas;
303 2277 537 2347 contendebat
559 2275 597 2361 in
613 2278 691 2343 foro
708 2273 767 2346 lus
785 2276 1080 2367 exMosedicen-
1131 2272 1240 2357 solvi,
1280 2273 1350 2341 uisi
1379 2274 1608 2355 docentibus,
1645 2276 1855 2367 quasivero
1884 2273 2121 2366 Evangelium

94 2377 179 2445 dum
195 2398 287 2459 esse,
319 2400 394 2447 non
420 2378 620 2465 intelligens
641 2378 717 2447 vim
739 2391 772 2447 et
793 2395 956 2450 naturam
972 2375 1081 2450 Chri-
1129 2387 1224 2444 vetet
1250 2374 1304 2444 uti
1331 2374 1485 2464 politicis
1512 2376 1808 2449 ordinationibus.
1874 2376 1928 2449 D'e
1959 2378 2121 2447 dominio

93 2478 225 2559 stianae
245 2477 432 2563 libertatis3
466 2493 575 2550 totam
601 2479 699 2547 illam
721 2480 909 2549 fanaticam
923 2476 1080 2549 Anaba-
1132 2476 1229 2544 civili
1259 2469 1448 2567 sophistice
1478 2490 1513 2545 et
1536 2477 1640 2566 plane
1663 2477 1831 2549 seditiose
1851 2479 1997 2548 rixatur.
2061 2478 2121 2550 Ad

92 2582 290 2676 plistarum
321 2581 520 2650 doctrinam
547 2580 665 2647 statim
697 2578 918 2657 initio-suiv,
938 2579 1081 2675 ἀμφοῖν
1133 2578 1284 2646 eundem
1312 2579 1460 2645 modurn
1482 2579 1526 2644 de
1550 2602 1658 2647 coena
1681 2577 1830 2648 Domini
1849 2575 2040 2670 sophistice
2062 2604 2122 2651 ea-

95 2681 380 2772 amplectebatur,
399 2706 480 2750 cnm
495 2680 662 2770 coepisset
676 2704 752 2751 eam
769 2682 807 2749 iu
823 2679 1013 2751 Germania
1026 2706 1082 2753 se-
1131 2676 1277 2748 villatur
1309 2678 1449 2766 publice
1477 2693 1650 2770 receptam
1683 2682 1903 2754 sententiam.
1962 2677 2122 2773 Apparet

95 2806 172 2853 rere
187 2776 371 2857 Nicoluus
386 2777 505 2851 Storls.
556 2778 604 2852 Et
621 2784 894 2853 controversiam
912 2787 956 2853 dc
974 2807 1080 2854 coena
1133 2773 1224 2847 hanc
1239 2800 1378 2847 causam
1395 2791 1430 2847 et
1445 2779 1484 2847 in
1499 2781 1675 2851 veteribus
1689 2783 1835 2876 synodis
1854 2782 2019 2871 agitatam
2034 2806 2120 2859 esse.

95 2882 243 2953 Domini
263 2896 398 2953 tantum
421 2884 504 2952 odio
519 2876 712 2965 Lutheri,
732 2907 806 2954 non
831 2886 949 2979 aliqua
971 2886 1082 2976 pieta·
1132 2878 1223 2949 Nam
1235 2879 1431 2951 iudecretis
1444 2880 1572 2951 citatur
1581 2880 1987 2979 fragmentumsymboli
1993 2876 2122 2983 Ephe·

97 2986 142 3055 tis
175 2985 346 3075 opinione
377 2986 499 3058 movit.
565 2983 711 3054 Etenim
743 3012 806 3057 cur
845 2981 1082 3080 εἶκονομαχιά
1132 2977 1212 3050 s't'm'
1238 3004 1311 3049 ⁰⁰¹¹
1335 2986 1606 3072 aspernandum·
1660 2984 1804 3055 Utinam
1827 3009 1911 3053 vtro
1943 2985 2022 3070 isli,
2060 2988 2122 3080 qtli

98 3088 210 3177 ipsius
225 3111 245 3156 a
262 3081 419 3157 Luthero
434 3087 631 3177 improbata
654 3103 762 3172 esset,
787 3090 904 3180 coepit
919 3090 1004 3172 iste,¹
1025 3088 1083 3157 in·
1134 3083 1377 3153 auctoritatem
1390 3080 1576 3153 (lenonum
1593 3088 1806 3171 defendunt,
1838 3080 2009 3156 haberent
2025 3102 2123 3158 vete-

97 3189 296 3259 flammatus
312 3188 459 3257 immani
476 3190 666 3281 cupiditate
681 3190 877 3273 vindictae,
916 3214 1083 3283 quaerere
1133 3208 1189 3254 res
1204 3182 1368 3277 Canoncs
1384 3186 1427 3252 de
1441 3186 1675 3274 dogmatibus.
1717 3185 1821 3262 Nunc
1838 3188 1932 3256 enim
1948 3188 2021 3257 iere
2035 3190 2123 3259 nul.-

99 3314 240 3361 causam
261 3290 498 3375 vendibilem,
525 3315 594 3383 qua
616 3286 768 3359 Lutheri
789 3292 1083 3363 existimationem
1134 3287 1187 3354 tos
1203 3280 1351 3369 hahent,
1374 3286 1443 3353 nisi
1459 3310 1574 3379 nuper
1588 3301 1706 3373 natos,
1730 3292 1774 3357 dc
1791 3312 1919 3377 regno,
1945 3291 1988 3358 de
2003 3290 2122 3383 digni-

97 3415 243 3484 prorsus
263 3392 438 3464 obrueret.
489 3389 590 3462 Bona
621 3415 701 3482 pars
724 3389 937 3463 Germaniae
965 3392 1084 3463 testari
1136 3388 1265 3459 tatibus
1280 3400 1313 3455 et
1328 3386 1503 3456 similibus
1517 3390 1640 3474 rebus,
1663 3386 1755 3458 nihil
1772 3392 1817 3459 ad
1831 3386 2023 3459 Ecclesiam
2038 3415 2123 3483 per-

98 3493 227 3585 pessit,
260 3489 353 3561 nihil
368 3493 478 3561 mein
494 3487 558 3563 hac
576 3518 613 3561 re
630 3493 772 3582 fingere.
822 3493 1035 3588 Quanquam
1054 3493 1085 3563 si
1134 3489 1341 3560 tinentibns.
1385 3486 1461 3578 Ego
1477 3503 1632 3559 veterum
1647 3492 1863 3585 synodorum
1878 3492 2123 3587 auctoritatem

100 3596 248 3666 testibus
265 3619 354 3686 opus
373 3595 437 3680 sit,
466 3595 580 3665 libelli
596 3594 706 3686 ipsius
724 3598 890 3667 adversus
906 3610 1084 3667 auctorem
1135 3590 1288 3660 libenter
1302 3600 1450 3681 sequor,
1483 3603 1535 3676 et,
1567 3606 1740 3684 quantum
1758 3592 1957 3661 existimare
1977 3617 2124 3683 possum

100 3698 220 3769 dicent
238 3697 469 3768 certissimum
491 3697 743 3769 testimonium.
799 3694 841 3766 In
863 3693 919 3766 his
940 3711 1084 3788 apparet
1135 3717 1176 3762 ex
1193 3688 1249 3760 his
1265 3692 1521 3775 monumentis,
1554 3718 1644 3786 quae
1665 3693 1795 3762 alicubi
1821 3693 1859 3761 in
1883 3689 2041 3764 historiis
2065 3721 2123 3765 re-

100 3793 283 3869 hominem
314 3823 360 3867 ne
388 3799 526 3867 ratione
552 3798 695 3890 quidem
726 3799 843 3890 aliqua
872 3799 1083 3889 inspeciem
1136 3794 1338 3886 periuntur,
1373 3792 1493 3875 video„
1512 3817 1570 3862 eas
1603 3795 1873 3886 prudentissime
1907 3809 1940 3865 et
1974 3797 2123 3867 sanctis-

45 3936 49 3941 ·
98 3901 280 3991 probabili
292 3914 428 3969 motum
444 3922 517 3969 esse
532 3902 576 3967 ad
592 3901 830 3972 scribendum.
871 3898 987 3988 Quam
1003 3924 1084 3969 sua·
1135 3897 1221 3965 sime
1255 3895 1435 3965 iudicasse.
1501 3892 1591 3963 Nam
1624 3890 1790 3988 synodus
1823 3891 1968 3967 Nicena
2000 3892 2123 3969 Evan-

98 4001 191 4070 viter
229 4015 382 4091 nugatur
413 4004 457 4070 de
489 4001 788 4071 demonstratione
822 4002 916 4070 vocis
949 4001 1085 4073 eorico?
1135 3997 1266 4088 gelium
1307 3991 1476 4063 lohannis
1519 3997 1674 4065 mirabili
1716 3998 1897 4086 diligentia
1945 3999 2131 4093 introspe-¹

100 4099 209 4190 Quod
230 4104 333 4173 affert
361 4105 403 4172 ad
434 4128 572 4173 causam
602 4116 732 4172 tantam
759 4099 934 4172 Ecclesiae
957 4102 1084 4172 veteris
1129 4100 1201 4187 xit,
1248 4110 1283 4166 et
1316 4088 1551 4189 Gangrcnsis
1590 4093 1756 4191 synodus
1798 4099 1974 4189 praeclare
2013 4101 2122 4170 intel-

99 4218 161 4275 aut
174 4204 283 4275 ullius
297 4205 416 4293 magni
431 4204 583 4274 auctoris
603 4203 867 4274 testimonium?
902 4228 991 4298 quae
1015 4229 1081 4272 vox
1134 4202 1218 4270 lexit
1240 4199 1312 4266 vim
1335 4212 1368 4267 et
1388 4206 1550 4267 naturam
1566 4194 1787 4269 Christianae
1811 4201 2002 4286 libertatis,
2030 4226 2121 4295 quae

98 4306 214 4377 estin
239 4318 310 4375 tota
337 4306 594 4398 disputatione,
625 4306 663 4373 in
687 4331 755 4397 qua
773 4305 818 4374 sit
836 4305 952 4398 aliqua
969 4306 1082 4397 pieta·
1134 4316 1257 4372 contra
1285 4299 1454 4368 fanaticos
1486 4303 1656 4391 quosdam
1684 4295 1861 4384 homines,
1903 4300 2122 4391 Pepurianot

98 4407 144 4477 tis
158 4407 378 4496 significatio.
430 4408 586 4476 Tantum
603 4407 833 4489 vociferatur,
856 4421 897 4477 ut
915 4430 1083 4477 nuncso-
1134 4404 1279 4496 opinor,
1312 4400 1443 4469 similes
1459 4397 1700 4493 Anabaptistis
1724 4402 1835 4471 nostri
1859 4403 2046 4492 temporis,
2069 4407 2121 4475 'de

98 4509 174 4579 lent
199 4505 362 4578 homines
381 4502 569 4602 βαναύσοι
591 4509 684 4578 inter
705 4508 850 4599 pocula,
889 4509 949 4600 qui
973 4509 1082 4577 nullis
1134 4528 1202 4574 usu
1225 4501 1447 4593 politicarum
1470 4503 1737 4573 ordinationum
1759 4505 1896 4572 decreta
1918 4504 2023 4593 plena
2043 4505 2120 4596 pie-

96 4610 226 4682 iabulis
265 4610 336 4679 nisi
369 4612 519 4678 mraxime
547 4610 703 4701 profanis
730 4609 959 4681 delectantur.
1023 4604 1080 4679 Ad
1135 4606 1215 4676 tatis
1229 4602 1398 4674 condidit.
1446 4600 1515 4673 Sed
1540 4598 1632 4671 nihil
1653 4626 1741 4694 opus
1761 4618 1813 4673 est
1827 4628 1952 4673 omnes
1963 4607 2121 4699 synodos

99 4707 184 4782 haec
206 4734 369 4801 magnam
390 4711 564 4780 librorum
583 4725 718 4804 partem
741 4711 917 4779 consumit
937 4711 976 4779 in
995 4735 1083 4789 con-‚
1133 4729 1321 4778 recensere.
1371 4701 1456 4773 Meo
1472 4703 1615 4797 quidem
1634 4704 1766 4776 iudicio
1790 4714 1915 4795 magna
1939 4720 1991 4777 est
2010 4722 2122 4777 teme-

99 4815 218 4897 viciis,
252 4807 408 4883 ethomo
431 4812 585 4881 insulsus
605 4813 721 4881 studet
743 4813 850 4880 etiam
870 4812 1081 4882 urbanitatis
1134 4810 1238 4893 ritas,
1270 4808 1430 4895 dogmata
1447 4828 1578 4890 serere,
1612 4831 1686 4874 non
1708 4807 1865 4877 consulta
1881 4802 2039 4877 Ecclesia
2058 4834 2121 4879 ve-

97 4917 238 4985 laudem
265 4916 411 4987 auferre.
472 4910 547 5001 Qui
570 4926 641 4981 tam
663 4913 855 5004 imparatus
878 4915 922 4982 ad
947 4926 1080 4983 tantam
1134 4911 1211 4981 teri.
1268 4904 1390 4999 ltaque
1412 4906 1536 4994 collegi
1557 4901 1623 4976 hos
1645 4907 1741 4976 locos
1764 4910 1808 4976 de
1830 4932 1937 4977 coena
1958 4906 2122 4994 Domini,

98 5040 238 5087 causam
253 5019 404 5102 accedit,
429 5016 459 5085 is
474 5015 646 5099 ostendit,
678 5037 713 5082 sc
728 5014 846 5106 aliqua
863 5039 965 5083 coeca
981 5015 1082 5107 cupi·
1131 5011 1225 5083 utin
1242 5022 1406 5100 promptu
1422 5001 1630 5078 haberemus
1655 5009 1855 5078 testimonia
1878 5023 2051 5095 veterum,
2077 5012 2122 5081 -in

99 5118 207 5187 ditate
222 5119 454 5210 praecipitem
470 5116 573 5200 ferri,
602 5139 677 5185 uon
701 5116 836 5185 moveri
859 5117 995 5187 ratione
1021 5131 1081 5186 aut
1132 5112 1263 5207 quibus
1284 5109 1498 5193 affirmatur,
1529 5133 1610 5178 vere
1630 5111 1750 5180 adesse
1774 5133 1900 5201 corpus
1923 5106 2056 5181 Christi
2081 5112 2123 5181 in

97 5219 216 5291 studio
233 5220 380 5310 pietatis.
430 5213 621 5312 Atquehic
639 5211 964 5286 esthuiuslabulae
980 5242 1081 5313 apor—
1134 5238 1239 5284 coena
1259 5211 1446 5284 dominica.
1489 5208 1589 5285 Vale.
1623 5221 1628 5232 '

98 5316 346 5421 eopwioeqe,
380 5346 463 5395 nam
478 5319 588 5393 Poe'ta
609 5319 699 5391 alius
723 5318 896 5413 quispiam
919 5332 989 5406 cst,
1018 5319 1080 5412 qui
1142 5358 1145 5363 -
