4522 5760
583 241 1017 344 uvrsromrun
1067 243 1291 324 marn
1344 244 1478 325 εεεε.
1684 314 1689 323 ,
1973 248 2048 327 us

85 434 98 489 '.
143 420 306 494 Proiecto
329 422 372 491 in·
396 420 504 492 bonis
532 419 714 493 mentibus
745 430 910 511 magnam
939 408 1028 491 hoc'
1058 428 1222 493 naturam
1237 419 1435 506 sideribus,
1460 442 1548 514 quae
1561 421 1678 493 tristes
1691 419 1964 511 significationes
1981 422 2052 491 mi„

85 519 220 596 thabet
240 537 275 595 et
300 525 347 595 ad
371 523 580 612 religionem
602 523 880 594 confirmandam
904 537 939 593 et
963 523 1009 592 ad
1059 522 1155 613 tigat.
1205 519 1280 592 Nec
1301 522 1411 593 dubia
1432 536 1484 593 est
1503 516 1630 597 harum
1653 523 1786 593 artium
1805 523 1903 597 fides.
1959 519 2051 604 Nam

85 628 187 699 andos
212 648 340 699 mores.
396 618 495 695 Haec
518 624 549 693 si
576 624 658 717 quis
690 639 896 713 arroganter
922 646 1009 694 con·
1059 639 1093 696 et
1110 637 1274 693 motuum
1294 624 1385 695 ratio
1407 624 1724 695 demonstrationes
1743 620 1868 710 habet,
1901 648 2053 718 quarum

86 728 159 809 nit,
199 742 348 799 naturae
368 749 454 797 suae
474 726 732 798 immanitatem
756 727 896 817 prodit,
934 749 1009 795 non
1061 750 1102 796 eo
1126 738 1178 796 est
1202 725 1408 795 suavissima
1429 726 1614 816 cognitio„
1637 727 1722 819 quia
1744 726 1894 797 delectat
1914 727 2053 796 animos
2093 769 2103 787 ε

85 854 121 902 er
139 843 246 923 atque
268 825 420 923 Cyclops
445 829 538 921 apud
555 824 776 913 Homerum,
821 828 885 920 qui
906 841 1010 916 negat
1060 828 1234 898 certitudo
1252 841 1286 897 et
1299 823 1487 898 harmonia
1508 850 1571 897 seu
1590 851 1781 899 consensus
1806 828 1847 897 in
1866 842 1966 905 tanta
1989 851 2054 898 va-

85 932 169 1005 ittos
187 932 304 1001 vereri
317 927 424 1004 Deos.
476 929 577 1017 Quin
600 931 739 1020 potius,
767 944 808 1001 ut
821 924 936 1000 Plato
953 929 1010 998 di·
1059 930 1182 1000 rietate
1206 942 1506 1019 argumentorum.
1564 926 1614 1000 Et
1637 930 1884 1001 divinatricem
1914 931 1945 999 si
1973 929 2082 1023 quis·

112 1030 231 1105 Deum
254 1054 391 1123 semper
411 1034 655 1129 γεωμετρεῖν,
690 1027 759 1102 hoc
784 1045 853 1116 est,
887 1032 1010 1102 certis-
1060 1033 1255 1124 prudenter
1282 1033 1328 1101 ad
1354 1026 1532 1125 Physicen
1558 1031 1703 1117 referet,
1741 1031 1935 1121 intelliget,
1975 1055 2055 1103 eam

85 1132 356 1207 nmotuom'nia
371 1134 577 1204 metientem
591 1136 790 1224 gubernare
810 1128 897 1204 haec
917 1134 1010 1202 inie-
1061 1130 1191 1203 hahere
1205 1155 1329 1223 graves
1345 1156 1478 1207 causas.
1526 1127 1576 1205 Et
1596 1147 1717 1205 tuetur
1739 1156 1817 1203 eam
1837 1133 2054 1226 experientia

85 1260 127 1307 a:
158 1236 207 1305 ita
222 1256 290 1305 nos
303 1234 459 1304 vicissim
475 1230 583 1305 huius
600 1235 729 1305 summi
742 1235 885 1304 artificis
899 1236 1011 1304 lineas
1060 1236 1355 1327 peritissimorum
1380 1229 1582 1311 hominum.
1638 1232 1751 1308 Recte
1773 1258 1858 1305 vero
1882 1228 2053 1307 Galenus

85 1338 282 1408 sides-antes
298 1329 366 1406 hac
380 1331 622 1427 pulcherrima
636 1335 841 1408 Geometria
858 1331 924 1406 nos
945 1338 1011 1405 ob-
1061 1339 1105 1407 de
1128 1333 1195 1408 hac
1218 1337 1293 1429 ipsa
1316 1348 1390 1407 arte
1415 1336 1551 1431 inquit,
1580 1330 1811 1428 sophisticum
1833 1359 1908 1407 esse
1930 1350 2054 1408 contra

85 1462 205 1524 emus,
228 1460 320 1530 quae
333 1438 557 1527 divinitatem
571 1439 676 1509 nobis
690 1439 856 1512 ostendit.
910 1437 950 1509 si
964 1439 1012 1509 ob
1061 1438 1295 1530 experientiae
1315 1438 1559 1509 testimonium
1576 1439 1733 1509 rationes
1748 1462 1928 1532 quaerere.
1979 1435 2055 1508 Nec

85 1566 110 1611 tc
123 1563 264 1611 eausam
280 1540 470 1631 praecipue
481 1542 623 1611 condita
638 1554 689 1611 εει
702 1541 861 1611 εοεΙεειίε
875 1554 1011 1625 natura,
1062 1564 1103 1609 eo
1119 1535 1337 1610 detrahenda
1351 1553 1405 1612 est
1419 1541 1489 1611 arti
1502 1541 1607 1626 fides,
1638 1541 1723 1634 quia
1744 1554 1807 1612 aut
1820 1541 1969 1611 artifices
1986 1539 2055 1609 ali-

85 1655 167 1715 erte
183 1654 252 1726 est,
279 1656 321 1712 ut
334 1639 452 1711 Deum
469 1642 574 1711 nobis
594 1656 794 1728 monstret,
818 1643 902 1712 satis
925 1665 1011 1710 con·
1061 1644 1124 1736 qui
1145 1642 1258 1733 inepti
1279 1656 1381 1727 sunt,
1414 1655 1475 1715 aut
1496 1666 1571 1712 non
1591 1666 1715 1712 omnes
1738 1656 1884 1714 eventus
1904 1637 2055 1713 humani

85 1798 102 1830 .,
125 1741 302 1814 voluntati
315 1740 384 1812 Dei
402 1766 478 1812 non
494 1766 617 1833 parere
633 1744 755 1828 istos,'
770 1743 833 1838 qui
850 1739 937 1813 haee
954 1743 1010 1813 di·
1061 1744 1099 1811 in
1126 1757 1201 1815 arte
1224 1756 1480 1813 monstrantur.
1538 1742 1633 1814 Sunt
1654 1744 1751 1813 enirn
1776 1759 1810 1816 et
1832 1744 1923 1813 aliae
1945 1766 2054 1837 quae-

85 1846 177 1918 itatis
190 1844 338 1933 vestigia
353 1868 428 1913 non
442 1845 619 1934 aspiciunt
632 1869 748 1939 neque
762 1845 962 1939 inquirunt.
1061 1847 1142 1915 dam
1162 1858 1303 1937 praeter
1323 1845 1438 1917 sidera
1453 1858 1644 1915 eventuum
1658 1869 1792 1917 causae.
1841 1840 1920 1916 Etsi
1935 1858 2054 1915 autern

97 1944 195 2017 :lam
210 1959 385 2041 quantum
401 1947 547 2039 prodest
565 1949 610 2015 ad
630 1969 754 2016 omnes
775 1948 869 2016 vitae
893 1959 1010 2039 partes
1060 1947 1100 2015 in
1115 1948 1223 2019 tantis
1240 1946 1396 2018 tenebris
1412 1942 1589 2016 humanae
1613 1949 1746 2017 mentis
1764 1946 1875 2017 multa
1898 1946 2054 2038 prospici

85 2048 211 2120 matrix
227 2048 289 2117 illa
306 2068 405 2137 pars,
428 2038 499 2117 hoc
512 2060 565 2117 est
576 2041 749 2142 Physica,
779 2071 871 2141 qnae
887 2049 1011 2139 dispu-
1060 2062 1258 2143 nequeunt:
1297 2062 1417 2118 tamen
1436 2048 1522 2118 artis
1546 2049 1756 2118 beneficium
1779 2073 1853 2119 non
1881 2047 1960 2118 leve
1985 2050 2054 2119 du·

91 2144 378 2244 quos-habeant
398 2149 544 2221 effectus
559 2163 651 2219 astra
667 2151 707 2219 in
723 2150 913 2220 miscendis
931 2150 1011 2219 'cor-
1060 2151 1213 2220 cendum
1239 2164 1308 2235 est,
1348 2174 1438 2243 quae
1459 2151 1629 2243 pleraque
1651 2151 1795 2221 interim
1824 2150 1927 2220 etad
1959 2149 2054 2221 vitae
2090 2142 2097 2153 ’

85 2276 160 2323 um.
179 2251 475 2342 temperamentis.
542 2249 587 2321 ln
617 2253 755 2342 privata
795 2251 868 2321 vita
903 2246 1011 2320 habet
1060 2274 1234 2320 summam
1249 2251 1465 2342 pertinentia
1481 2266 1614 2326 monet.
1665 2249 1815 2340 Quoties
1833 2250 1994 2322 fallimur
2013 2250 2053 2321 in

85 2376 124 2423 m
143 2353 184 2422 in
204 2353 399 2438 medendo,
430 2365 472 2422 ut
492 2353 622 2423 summi
641 2366 803 2423 auctores
825 2365 1009 2424 testantur.
1061 2351 1254 2423 levioribus
1269 2353 1425 2437 artibus,
1455 2367 1491 2424 et
1509 2354 1546 2423 in
1565 2353 1610 2421 iis
1623 2354 1748 2440 rebus,
1781 2366 1988 2447 quaesunt,
2012 2364 2053 2425 ut

85 2455 200 2525 rducit
219 2467 255 2523 et
276 2456 322 2523 ad
345 2455 517 2543 regendos
539 2478 656 2525 mores
676 2467 712 2524 et
732 2456 919 2545 deligenda
935 2467 1010 2525 stu·
1060 2453 1109 2523 ita
1130 2454 1266 2537 dicam,
1304 2454 1344 2523 in
1374 2455 1550 2528 manibus.
1608 2454 1733 2549 Neque
1760 2471 1880 2527 tamen
1907 2470 2053 2546 propter

85 2554 322 2628 ‚Plurimum
336 2557 553 2626 enimrefert
565 2556 779 2646 intelligere,
800 2580 872 2652 quo
884 2579 1010 2649 quem-
1060 2551 1267 2625 huiusmodi
1296 2569 1409 2626 errata
1442 2557 1680 2648 explodendas
1707 2571 1791 2628 sunt
1818 2570 1921 2629 artes.
1980 2554 2051 2627 Sed

85 2688 88 2723 t
103 2670 233 2728 natura
249 2658 371 2741 ducat,
402 2669 444 2726 ut
465 2658 580 2727 bonos
595 2659 747 2750 impetus
762 2658 937 2728 industria
952 2658 1010 2725 iu·
1059 2657 1249 2750 prudentia
1264 2670 1334 2741 est,
1365 2658 1411 2727 ad
1425 2658 1519 2729 vitae
1531 2682 1635 2728 usum
1651 2658 1756 2746 inde,
1782 2669 1955 2752 quantum
1969 2678 2053 2747 pos·

85 2770 273 2851 meatque
299 2758 579 2847 conformemus,
614 2764 743 2850 pravos
771 2754 1009 2831 cohibeamus.
1060 2782 1201 2844 sumus,
1233 2759 1435 2830 transferre.
1494 2756 1590 2831 Illud
1622 2760 1729 2831 etiam
1757 2772 1852 2830 recte
1881 2757 2052 2831 institutis

85 2884 112 2931 n
129 2860 357 2950 ingeniorum
376 2873 526 2930 naturae
543 2884 671 2951 magna
692 2886 734 2931 ex
750 2876 850 2954 parte
863 2862 1010 2930 imitan-
1058 2862 1216 2931 iudicare
1231 2862 1334 2931 facile
1350 2874 1421 2944 εει,
1454 2861 1534 2954 quis
1556 2884 1628 2933 esse
1644 2863 1773 2932 modus
1788 2861 2052 2945 divinationum

94 2975 389 3054 temperamenta.
437 2961 521 3032 Non
543 2963 659 3033 dicam
682 2958 847 3034 hocloco
871 2964 915 3031 de
934 2963 1009 3031 ior·
1060 2964 1202 3046 debeat,
1231 2976 1267 3033 et
1282 2964 1377 3055 quod
1394 2961 1521 3051 religio
1535 2964 1708 3055 approbet
1723 2959 1787 3033 has
1801 2962 2052 3046 divinationes,

85 3088 125 3151 a,
146 3087 194 3132 ne
207 3087 330 3133 munes
344 3063 437 3133 vitae
448 3087 548 3133 casus
562 3065 607 3133 ad
621 3078 714 3134 astra
728 3065 860 3134 referre
877 3064 1010 3134 videar.
1059 3078 1099 3135 ut
1113 3064 1334 3134 medicorum
1349 3064 1499 3147 iudicia,
1532 3076 1594 3134 aut
1608 3077 1760 3134 caeteras
1775 3060 1946 3157 Physicae
1966 3086 2050 3154 par·

85 3168 224 3236 ttamen
239 3179 275 3236 et
289 3166 432 3236 fortuna
453 3188 557 3257 saepe
578 3167 767 3237 comitatur
784 3188 911 3238 mores.
959 3161 1011 3234 Et
1059 3181 1122 3241 tes.
1172 3163 1245 3236 Sed
1258 3161 1346 3235 haec
1359 3165 1448 3233 alibi
1461 3164 1732 3256 disputavimus.

85 3290 233 3361 unquam
248 3267 339 3336 aliae
358 3290 501 3360 quoque
522 3274 645 3336 causae
667 3280 750 3338 sunt
770 3264 1009 3337 humanorum
1156 3263 1252 3337 Cum
1264 3267 1375 3357 igitur
1387 3266 1543 3360 praemia
1557 3266 1630 3337 sint
1642 3267 1728 3337 artis
1741 3265 1918 3354 ingentia,
1950 3289 2050 3336 cum·

85 3382 228 3440 ntuum:
261 3381 380 3437 tamen
402 3392 458 3437 res
481 3369 641 3461 loquitur
653 3368 748 3460 ipsa,
773 3369 954 3438 interdum
969 3368 1009 3436 in
1059 3392 1128 3462 que
1151 3368 1302 3439 mirifica
1328 3369 1376 3439 sit
1399 3367 1613 3458 cognitionis
1634 3367 1806 3438 suavitas:
1846 3381 1965 3438 mmen
1993 3368 2051 3437 vel

85 3470 121 3541 is
136 3493 277 3541 eausam
294 3492 386 3554 esse,
411 3494 492 3555 cur,
517 3483 558 3540 ut
569 3464 757 3539 Hesiodus
772 3471 910 3564 inquit,
934 3470 1009 3560 ipse
1060 3469 1188 3540 inertia
1209 3465 1399 3540 hominum
1418 3470 1476 3555 iit,
1507 3482 1549 3539 ut
1568 3463 1635 3540 hae
1656 3482 1776 3540 tantae
1793 3491 1851 3537 res
1872 3470 2050 3559 neglectae

85 3572 330 3666 rqnandoqne
350 3594 496 3661 parens,
535 3572 750 3665 quandoque
772 3592 923 3641 noverca
952 3571 1009 3644 sit.
1060 3585 1095 3641 et
1111 3586 1246 3663 spretae
1264 3572 1416 3657 iaceant3
1440 3571 1499 3642 vel
1512 3571 1619 3643 etiam
1634 3572 1754 3662 pravis
1768 3570 1920 3642 iudiciis.
1967 3569 2050 3641 Non

85 3696 146 3743 nus
179 3687 298 3742 autem
327 3672 444 3742 laedet
475 3674 617 3742 fortuna
647 3674 739 3741 bene
764 3685 1009 3765 praeparatum
1060 3673 1157 3745 eninr
1172 3674 1273 3744 nulla
1294 3668 1495 3743 scholarum
1517 3671 1619 3765 culpa
1644 3686 1715 3759 est,
1741 3672 1782 3741 in
1804 3672 1934 3765 quibus
1954 3671 2051 3740 rixae

85 3797 192 3845 mum.
241 3770 316 3843 Nec
335 3768 428 3844 nihil
447 3775 615 3844 conducit
628 3787 874 3866 tempestatum
888 3774 1011 3844 obser-
1059 3769 1269 3866 sophisticae
1290 3774 1394 3863 longe
1415 3774 1702 3845 anteferebantur
1724 3769 1781 3843 his
1802 3767 2051 3864 pulcherrimis

85 3878 114 3948 io
130 3877 176 3944 ad
193 3875 447 3949 oeconomiam.
1059 3890 1164 3970 atque
1187 3876 1332 3967 optimis
1353 3875 1563 3967 disciplinis.
1614 3874 1798 3947 Homerus
1814 3899 1894 3945 curn
1915 3875 1953 3943 in
1976 3873 2052 3968 ely-

93 3976 236 4047 ..Porro
262 3971 303 4045 hi
330 3976 485 4066 proximi
514 3978 601 4046 anni
627 3977 764 4070 aliquot
793 3977 877 4048 satis
898 3978 1009 4048 claras
1059 4001 1125 4070 peo
1140 3973 1294 4048 Achillis
1305 3977 1469 4069 pingeret
1487 3977 1621 4060 sidera,
1652 3992 1688 4050 et
1707 3977 1796 4048 coeli
1819 3976 1987 4047 verticem
2010 3998 2049 4045 ac

85 4078 293 4149 silicationes
315 4079 575 4168 praebuerunt,
614 4077 730 4147 sidera
749 4102 914 4169 magnam
935 4080 1009 4148 vim
1059 4093 1198 4150 motum
1219 4079 1448 4162 describeret,
1481 4079 1569 4171 quid
1590 4079 1690 4149 aliud
1712 4078 1828 4148 voluit
1845 4077 2051 4166 significare,

85 4183 167 4252 aare
187 4193 222 4250 et
246 4179 353 4248 rebus
374 4181 600 4249 nascentibus
619 4174 762 4252 hahere.
812 4180 925 4273 ldque
946 4205 1010 4269 pa·
1060 4202 1167 4273 quam
1189 4175 1318 4250 harum
1336 4202 1458 4248 rerum
1479 4180 1751 4283 inquisitionem
1767 4180 1913 4251 summis
1930 4174 2050 4249 heroi·

85 4294 289 4353 ttestantur
312 4280 468 4371 insignes
491 4282 648 4351 siderum
670 4303 887 4370 congressus.
936 4278 1009 4351 Ex·
1060 4283 1127 4352 b'us
1140 4282 1287 4371 dignam
1311 4288 1396 4352 esse.
1446 4276 1555 4373 Apud
1573 4273 1784 4375 Virgilium
1804 4279 1909 4371 Iopas
1930 4280 1970 4349 in
1992 4303 2049 4349 re-

85 4397 189 4456 tutet
211 4382 252 4450 in
274 4383 379 4452 rebus
399 4383 552 4473 publicis
573 4383 696 4452 fatales
711 4392 948 4473 tempestates,
970 4383 1009 4450 in
1060 4382 1119 4473 gio
1140 4382 1306 4452 convivio
1329 4380 1425 4453 canit
1443 4395 1618 4452 errantem
1638 4382 1781 4455 Lunam
1803 4381 1968 4475 Solisque
1995 4382 2049 4451 la-

85 4487 152 4557 bus
167 4483 343 4554 admoniti
356 4485 402 4552 ab
418 4481 483 4556 hac
499 4498 574 4554 arte
587 4484 697 4554 multa
719 4484 908 4575 providere
927 4507 1011 4575 pos-
1060 4487 1176 4559 bores.
1226 4482 1349 4576 Turpe
1363 4497 1416 4555 εει
1430 4497 1568 4571 autem,
1591 4484 1632 4553 in
1646 4485 1768 4556 castris
1783 4497 1818 4554 et
1831 4486 1870 4553 in
1884 4483 2048 4553 convivio

85 4602 121 4673 ιι,
157 4585 217 4655 vel
237 4587 283 4654 ad
305 4587 461 4655 cavenda
481 4587 538 4654 vel
558 4587 601 4655 ad
624 4585 819 4675 mitiganda
842 4586 1010 4678 pericula.
1060 4587 1100 4655 in
1121 4585 1357 4656 admiratione
1379 4584 1488 4655 fuisse
1512 4580 1576 4655 has
1595 4601 1704 4672 artes,
1730 4601 1766 4659 et
1787 4587 1826 4654 in
1846 4580 1977 4656 scholis
1996 4583 2050 4654 ia·

85 4712 136 4781 epe
157 4687 253 4756 enim
270 4688 343 4756 fata
364 4688 514 4756 consilio
536 4688 575 4755 in
599 4687 725 4756 melius
744 4687 840 4757 ile'cti
862 4701 1009 4780 queunt.
1060 4710 1138 4757 cere
1155 4699 1289 4777 spretas
1309 4700 1416 4780 atque
1434 4688 1626 4777 neglectas,
1654 4689 1785 4783 quibus
1796 4681 2050 4778 Philosophiae

85 4814 137 4885 epe
149 4790 307 4860 fatorum
322 4790 504 4858 saevitiam
520 4790 610 4858 lenit
622 4786 738 4874 Deus,
762 4789 919 4879 placatus
931 4789 1011 4880 pio·
1060 4789 1302 4860 defensionem
1311 4800 1417 4882 atque
1428 4789 1730 4861 conservationem
1742 4788 1940 4880 respublica
1951 4812 2049 4858 com-

85 4890 222 4963 nvotis.
273 4887 393 4978 Quare
407 4888 493 4962 haec
508 4914 649 4985 quoque
670 4890 786 4980 gravis
807 4913 912 4960 causa
931 4891 1011 4960 iue—
1061 4890 1253 4963 mandavit.
1308 4888 1453 4960 Possem
1475 4889 1632 4982 exempla
1656 4898 1931 4977 'commemorare
1952 4902 2049 4959 vete-

85 5053 87 5073 ,
115 5017 238 5065 rerum
258 4994 458 5062 futurarum
485 4992 757 5084 significationes
786 4992 1011 5061 animadver-
1059 5014 1142 5061 rum
1158 5003 1195 5062 et
1208 4986 1315 5061 huius
1330 4990 1454 5061 aetatis
1466 5014 1606 5081 regum,
1630 4994 1694 5087 qui
1708 4987 1793 5062 huic
1807 4991 1923 5062 studio
1936 4990 2049 5061 dediti

85 5098 133 5171 di.
180 5094 333 5165 Prodest
347 5095 443 5164 enim
459 5093 721 5164 commonefieri
736 5088 899 5162 homines
914 5107 1011 5162 atro-
1058 5092 1221 5178 suerunt,
1256 5114 1333 5162 non
1353 5092 1469 5161 solum
1490 5093 1681 5183 voluptatis
1705 5116 1826 5178 causa,
1868 5093 1930 5163 sed
1950 5094 2048 5185 quod

85 5220 123 5271 us
142 5196 301 5268 siderum
325 5198 453 5283 minis,
482 5210 523 5267 ut
541 5222 562 5266 a
579 5194 656 5267 Deo
679 5218 783 5287 opem
800 5194 1009 5286 implorent;
1059 5195 1257 5267 conducere
1271 5193 1536 5267 arbitrabantur
1549 5197 1595 5264 ad
1611 5195 1760 5279 consilia
1780 5217 1901 5265 rerum
1921 5215 2047 5284 geren-

85 5302 155 5371 nde
179 5312 223 5370 ut
251 5298 447 5369 bonitatem
466 5297 537 5370 Dei
554 5297 665 5387 magis
685 5310 897 5386 agnoscant,
927 5321 1009 5367 eum
1057 5296 1198 5368 darum.
1255 5292 1328 5367 Sed
1355 5296 1452 5386 ipsae
1477 5296 1659 5367 stellarum
1689 5296 1943 5389 appellationes
1963 5295 2047 5367 satis

85 5403 197 5491 erint,
236 5400 393 5494 aliquam
415 5424 490 5472 esse
513 5398 734 5493 superiorem
759 5423 801 5469 ac
824 5399 1009 5471 meliorem
1058 5410 1223 5483 monent,
1245 5391 1338 5467 hanc
1351 5397 1461 5468 fuisse
1474 5397 1563 5466 olim
1574 5398 1949 5501 maximorumnregum
1963 5392 2046 5489 phi—
