4522 5760
182 170 273 269 7'11'
763 170 1199 257 nersronouuu
1247 174 1356 259 orn
1391 175 1456 257 vt
1507 164 1641 257 isso
2145 183 2221 263 m

184 384 303 441 tarum
332 375 506 433 sectarum
537 351 738 426 turbulenti
765 346 951 437 homines,
983 350 1048 447 qui
1080 349 1181 423 soliti
1228 365 1305 423 tum
1320 346 1408 437 Dei,
1428 364 1472 425 ut
1490 328 1691 423 doctrinam
1705 345 1908 445 Religionis
1926 375 2050 427 veram
2075 366 2222 445 tueatur,

53 544 57 555 ,
185 482 287 554 sunt,
312 462 353 535 ut
367 460 454 546 scis,
478 458 518 529 in
533 455 687 528 aliorum
701 450 878 525 Ecclesias
898 454 1070 546 impetum
1084 452 1180 523 iace·
1228 464 1364 525 remota
1376 452 1512 545 impia?
1560 450 1665 525 Nosti
1677 454 1907 527 versiculum:

184 594 244 655 re,
268 592 308 639 ac
323 565 362 635 in
376 562 462 658 ipsis
478 556 619 651 templis
633 555 726 628 ciere
740 577 887 649 pugnas.
939 552 1012 627 Sed
1025 554 1178 648 comple·
1301 556 1345 623 Et
1361 582 1446 625 nmo
1466 581 1551 645 regu
1572 565 1753 646 insufflo,
1786 568 1844 651 qm
1864 564 2007 629 puppup,
2025 578 2150 631 m

184 693 252 744 xus
267 692 347 740 sum
366 666 473 755 etiam
487 652 760 757 blasphemos¹).
810 653 864 728 Dc
888 650 955 727 bac
976 671 1077 749 parte
1096 654 1181 742 scio,
1227 650 1325 729 Hice
1346 656 1487 749 copiose
1509 656 1649 751 scripsit
1659 650 1853 739 botherus
1874 660 1915 743 in
1928 658 2076 733 Psalmo
2092 658 2218 747 imp:

186 772 360 869 quosdam
382 766 497 839 solere
519 760 694 835 dubitare.
752 756 849 830 Voco
871 770 990 829 autem
1012 751 1180 852 blasphe-
1226 752 1335 831 Deus
1348 755 1447 843 sistit
1469 754 1509 829 in
1522 754 1924 856 synagogabeomm.
1972 760 2217 859 Deiappello-

185 900 284 957 mos,
311 869 375 967 qui
390 866 557 940 articulos
578 858 728 948 habent,
750 860 814 953 qui
834 860 979 952 proprie
1001 883 1076 931 non
1097 882 1181 955 per·
1228 858 1280 931 tio
1306 860 1588 943 communicatur
1607 862 1887 955 lllagistratibut·
1901 878 1997 937 certe
2024 866 2216 961 proee'qpue,

187 978 306 1049 tinent
322 974 368 1045 ad
387 969 529 1042 civilem
551 978 700 1049 statum,
727 963 788 1063 sed
809 962 995 1049 continent
1017 955 1182 1057 decuplae
1228 975 1270 1033 ut
1286 954 1554 1035 Dcihonorem
1578 978 1720 1039 ornent
1784 964 1858 1037 sed
1879 960 1939 1037 hic
1957 948 2213 1063 reclamam''):

186 1094 229 1151 ut
250 1080 294 1149 de
317 1072 504 1145 divinitate
526 1052 663 1140 Christi
685 1076 721 1135 et
742 1064 884 1135 similes.
940 1060 1020 1135 Etsi
1042 1058 1179 1155 enim¹)
1229 1059 1338 1161 alqui
1350 1058 1450 1159 fides
1475 1058 1575 1135 debet
1596 1086 1671 1137 csse
1690 1060 1830 1137 libero.-
1861 1060 2133 1163 Magistratus
2147 1090 2214 1141 ooo

187 1183 318 1271 gradus
336 1175 480 1271 quidam
497 1184 600 1255 sunt,
624 1180 743 1237 tamen
761 1160 832 1235 buc
852 1164 957 1236 etiam
979 1166 1094 1235 refero
1116 1163 1180 1236 ba·
1226 1170 1342 1262 potest
1365 1159 1524 1267 fferre,
1557 1174 1612 1237 ut.
1625 1164 1981 1261 sentiamusaliler.
2048 1168 2112 1245 Ad
2139 1165 2213 1243 beet

188 1283 358 1378 ptismum
373 1278 562 1347 inlautum.
595 1262 836 1362 Pronuntio³)
854 1266 988 1361 itaque:
1014 1260 1181 1360 bla'sphe-
1230 1266 1347 1339 brevis
1369 1280 1422 1339 est
1442 1268 1638 1363 responsio.
1686 1266 1763 1341 Nec
1784 1271 1872 1341 fides
1891 1272 2066 1367 cuiusque
2075 1266 2136 1370 ¹¹),
2157 1295 2213 1343 ooo

188 1408 264 1471 mas
278 1379 458 1453 doctrinas
473 1400 492 1444 a
505 1370 718 1465 Magistratu
733 1361 990 1463 prohibendos,
1012 1367 1181 1439 arcendas
1230 1367 1336 1441 tacita
1346 1370 1387 1439 in
1404 1369 1532 1443 animis
1543 1370 1666 1464 opinio
1679 1371 1890 1465 pertinetad
1910 1372 2091 1461 iudicium
2107 1372 2215 1465 Magi·

188 1503 223 1559 et
243 1481 443 1579 puniendas
463 1496 549 1546 esse.
607 1470 716 1545 Ratio
740 1485 809 1557 cst,
833 1470 932 1565 quia
953 1466 1181 1567 Magistratui
1230 1482 1377 1561 stratum
1407 1473 1469 1544 sed
1491 1485 1675 1543 externum
1698 1474 1916 1567 exemplum,
1941 1500 2034 1547 cum
2061 1476 2214 1547 doctrino

187 1585 373 1659 commissa
393 1594 445 1653 est
466 1574 576 1663 tutela
595 1570 712 1661 totius
725 1566 830 1665 le'gis,
868 1572 966 1669 quod
988 1571 1115 1645 attinet
1135 1572 1180 1641 ad
1228 1572 1354 1657 fertur,
1365 1572 1474 1649 laedit
1487 1573 1639 1663 gloriam
1651 1570 1730 1659 Dei,
1754 1575 2096 1665 offcnpitgnfimm'
2107 1574 2213 1659 pm..

189 1704 368 1762 externam
394 1678 621 1773 disciplinam
651 1687 686 1744 et
718 1670 859 1773 exter-'na
890 1670 993 1747 iacta.
1059 1672 1180 1763 Quare
1230 1669 1314 1745 Ideo
1334 1670 1563 1765 Magistratus
1576 1675 1752 1759 obsistere,
1761 1677 1885 1763 debet,
1910 1679 1974 1771 qui
1990 1680 2128 1751 iudicat
2148 1702 2213 1755 uon

186 1792 315 1877 delicta
331 1800 473 1857 externa
488 1782 611 1851 contra
632 1776 784 1871 primam
811 1774 967 1861 tabulam
989 1769 1181 1867 prohibere
1230 1775 1274 1845 de
1290 1776 1426 1845 arcanis
1440 1777 1552 1847 anbni
1567 1777 1861 1867 cogitationibus,
1885 1780 1946 1849 sed
1963 1782 2009 1851 de
2030 1782 2148 1867 dicto,
2167 1780 2213 1849 ia-

187 1921 227 1965 ac
242 1890 370 1987 punire
386 1884 500 1958 debet·
544 1878 617 1951 Nec
633 1902 725 1947 vero.
739 1866 808 1947 hoc
830 1866 982 1947 dubium
1000 1892 1063 1973 est.
1112 1874 1181 1945 vi·
1231 1892 1304 1963 cto,
1344 1880 1442 1972 quod
1461 1878 1641 1971 prolatum
1662 1892 1724 1952 est.
1794 1876 1892 1949 Ideo-
1912 1904 1989 1951 non
2016 1880 2213 1975 mimimo

187 2000 249 2067 des
265 1996 305 2064 in
322 1989 483 2062 omnium
499 1982 657 2075 gentium
671 1978 808 2081 legibus
820 1990 938 2049 extare
952 2002 1085 2071 poenas
1097 2001 1181 2070 per·
1229 1973 1469 2071 prohibendos
1494 2004 1568 2051 esse
1594 1975 1818 2074 blasphemas
1846 1982 2049 2069 doctrinas,
2088 1984 2213 2073 sinon

187 2098 291 2182 iurii,
324 2096 409 2165 item
431 2078 744 2179 blasphemiarum.
776 2066 882 2171 ΙΕῑεὶ,
895 2094 1012 2151 autem
1035 2104 1179 2174 possum
1230 2080 1432 2155 efferantur.
1482 2079 1554 2153 Sed
1581 2081 1759 2153 obiiciunt
1779 2085 1977 2173 exemplum
1998 2084 2110 2157 nobis
2128 2083 2214 2177 peri·

187 2178 338 2289 allegare
369 2188 548 2265 Mosoicae
580 2184 674 2293 legis·
701 2182 919 2277 stemplutn,
960 2196 1099 2269 tamen,
1137 2206 1178 2253 eo
1230 2182 1406 2254 culusum:
1433 2182 1464 2252 si
1485 2176 1586 2283 haec·
1593 2184 1775 2279 pertinent
1794 2187 1839 2254 ad
1854 2182 2108 2276 Magistratus,
2131 2210 2212 2281 qum·

185 2301 335 2386 ⁰¹¹¹l⁸⁵⁰s
359 2286 637 2367 ‘’ldffllmlifllla·
699 2366 703 2377 ‚
1105 2340 1110 2345 -
1156 2362 1159 2367 ,
1229 2283 1294 2353 ties
1322 2284 1433 2375 igitur
1457 2283 1687 2376 Magistratus
1717 2282 1889 2375 iudicabit
1918 2286 2062 2381 aliquos
2095 2310 2214 2371 errare,

288 2396 398 2495 Apud
410 2388 598 2479 Danielem
606 2380 990 2485 Nabuchodonosor,⁴)
1015 2410 1076 2457 rex
1098 2380 1178 2455 etb—
1230 2384 1360 2477 saeviet
1372 2386 1412 2457 iu
1428 2410 1504 2472 eos;
1529 2385 2215 2483 Caesarigiturdebetncmopprimtre,

185 2507 306 2589 nicus,
333 2486 522 2579 conversus
546 2490 617 2561 iam
641 2492 687 2561 ad
710 2514 828 2560 veram
850 2490 1034 2582 pietatem,
1065 2487 1179 2579 legem
1229 2488 1398 2581 quonium
1426 2488 1477 2559 ita
1506 2489 1657 2575 iudicat,
1699 2504 1765 2561 nos
1794 2484 1921 2581 emite.
1985 2488 2222 2585 Respondes!

185 2602 313 2701 edit‘),
339 2604 377 2671 in
393 2622 463 2695 qua
478 2616 630 2689 poenam
642 2591 800 2662 minatur
817 2590 1003 2677 omnibus,
1028 2586 1180 2659 dicenti·
1229 2602 1321 2660 certe
1342 2590 1449 2659 debet
1470 2614 1608 2663 errores
1629 2606 1664 2663 et
1684 2587 1875 2683 prohibere
1898 2603 1934 2661 et
1956 2594 2100 2685 punire,
2149 2592 2214 2665 sed

183 2713 252 2785 bus
266 2698 522 2796 blasphemiam
542 2706 664 2764 contra
676 2691 794 2763 Deum
809 2688 929 2767 lsrael.
981 2688 1072 2764 Item
1083 2687 1178 2762 Pau·
1230 2704 1347 2761 extant
1374 2692 1467 2781 leges
1486 2687 1748 2763 Ecclesiasticac
1780 2693 1819 2761 in
1847 2678 2036 2785 scripturis
2066 2710 2102 2767 et
2127 2694 2215 2777 alibi,

183 2814 240 2880 lus
255 2808 391 2901 inquit:
415 2802 472 2871 lex
486 2794 602 2892 posita
616 2808 686 2882 est,
708 2796 786 2875 τοῖς
801 2790 970 2889 ἀσεβέσι,
1001 2786 1066 2865 καὶ
1089 2788 1178 2865 dvo·
1229 2816 1318 2885 quae
1330 2792 1466 2879 iubent,
1486 2795 1665 2887 quomodo
1674 2791 1716 2891 ¹²)
1731 2796 1939 2886 praecedere
1955 2810 2052 2867 recta
2066 2796 2214 2887 cognitio

185 2908 277 2993 olore
289 2902 353 2981 καὶ
367 2894 551 3001 βεβήλοις.
1227 2888 1391 2991 debet¹').
1439 2893 1523 2965 Non
1546 2896 1716 2966 ostentm
1740 2897 1852 2967 solius
1868 2894 2030 2967 &rearis
2052 2898 2215 2989 cognitio,

191 3046 197 3057 ·
284 2994 448 3101 Denique
480 3002 539 3073 lex
570 3009 718 3089 naturae
751 3022 825 3070 non
859 3011 974 3093 potest
1004 2996 1179 3089 abrogari,
1228 2996 1318 3067 sicut
1332 2997 1372 3065 in
1387 2998 1538 3067 urbibus
1551 2992 1637 3069 haec
1653 2998 1807 3089 cognitio
1824 3022 1898 3071 non
1913 3013 1967 3081 cst
1982 3012 2127 3083 tautum
2142 2998 2216 3071 Ma-

184 3096 315 3211 duae⁶)
340 3100 609 3203 ipsapraecipit
625 3096 887 3194 potestatibus,
926 3124 972 3171 ne
997 3100 1179 3193 patiantur
1227 3098 1392 3189 gistratus
1418 3093 1613 3191 prophani,
1650 3104 1712 3171 sed
1742 3114 1794 3179 est
1814 3098 2024 3175 Doctorum.
2084 3098 2217 3171 Viderit

182 3216 299 3288 Deum
323 3206 540 3291 contumelio
568 3202 678 3287 affici,
717 3203 810 3279 sicut
831 3215 960 3275 sonant
986 3201 1094 3272 verba
1122 3224 1179 3295 sc-
1228 3198 1338 3289 igitur
1352 3198 1601 3291 Magistratus,
1625 3216 1666 3271 ut
1681 3217 1774 3273 recte
1796 3204 1938 3273 iudicet.
1990 3200 2158 3283 Deinde,
2182 3217 2217 3273 ut

185 3312 332 3411 eundi²)
357 3306 552 3408 praecepti,
580 3328 670 3401 quoe
692 3306 849 3397 proiecto
871 3318 955 3375 sunt
968 3303 1056 3395 legis
1072 3316 1178 3373 natu
1228 3302 1267 3370 in
1280 3302 1405 3395 ceteris
1420 3302 1641 3389 criminibus,
1664 3304 1713 3375 ita
1723 3296 1935 3398 hicetiam*)
1953 3306 2087 3394 greum
2102 3290 2217 3375 obser·

184 3446 258 3492 rae:
282 3402 905 3515 quinomincDeiabusussuerit,
928 3401 1086 3475 nouerit
1109 3401 1178 3473 im·
1228 3403 1337 3474 vandi
1358 3416 1452 3475 sunt.
1503 3402 1586 3493 Nec,
1607 3427 1671 3495 ego
1691 3407 1736 3477 de
1757 3428 1883 3496 genere
1904 3430 2044 3499 poenae
2066 3408 2217 3500 disppto.

182 3518 348 3620 punitus.
372 3566 376 3601 ;
399 3512 441 3583 ld
463 3523 590 3579 natura
606 3508 745 3601 scripsit
766 3508 806 3577 in
827 3508 989 3577 omnium
1011 3530 1177 3579 sanorum
1229 3502 1411 3591 Arbitror,
1443 3507 1536 3596 leges
1557 3508 1597 3575 in
1619 3506 1751 3579 Codice
1769 3510 1815 3578 de
1838 3508 2121 3600 rebaptizatione
2141 3532 2218 3603 prc-

184 3621 364 3703 sensibus,
395 3636 504 3709 quare
526 3632 599 3677 non
630 3608 745 3678 solum
776 3632 980 3679 concessum
1009 3622 1077 3694 est,
1116 3610 1177 3679 sed
1228 3619 1306 3696 pter
1344 3607 1536 3678 seditiones
1570 3607 1908 3681 circumcellionum
1942 3625 2018 3680 tam
2036 3612 2217 3691 ,atrociter

185 3726 292 3796 ctiam
316 3719 523 3799 mandatum
546 3723 597 3779 est
618 3706 865 3800 Magistratui,
895 3710 1021 3802 impias
1044 3710 1178 3787 doctri·
1228 3708 1374 3799 scriptas
1396 3732 1479 3783 esse.
1530 3702 1767 3800 ¹Magistratus
1794 3712 1953 3803 prudens
1978 3706 2131 3795 habebit
2151 3714 2215 3785 dis-

186 3851 250 3897 nas
267 3824 429 3904 abolere,
450 3830 484 3889 et
502 3809 685 3911 tuepipias
699 3810 738 3880 in
753 3811 825 3881 suis
839 3810 1049 3895 ditionibus.
1085 3806 1177 3905 ΑΗ)
1227 3808 1360 3877 crimen
1377 3834 1607 3901 personarum
1625 3826 1659 3883 et
1675 3813 1877 3887 criminum.
1927 3808 2047 3883 Aliter
2068 3828 2214 3887 tractan-

185 3932 275 4002 sicut
300 3924 473 3997 Doctores
495 3910 875 4002 deberitMagistratui
895 3913 1101 3999 ostendere,
1127 3914 1173 4003 ,ad
1227 3910 1264 3979 di
1285 3925 1369 3981 sunt
1388 3908 1555 3984 authores
1578 3914 1789 4006 opinionum
1813 3914 2009 3999 malarum,
2044 3915 2154 3988 aliter
2171 3911 2213 3999 hi,

185 4020 585 4113 officium'Magistratus
600 4014 796 4111 pertinere,
821 4010 1013 4107 prohibere
1036 4013 1177 4085 adulte·
1228 4012 1309 4105 qui,
1339 4036 1458 4083 errore
1479 4015 1587 4108 lapsi,
1620 4016 1738 4086 sanari
1759 4028 1920 4109 possunt.
1974 4014 2052 4087 Nos
2076 4012 2138 4091 hic
2157 4012 2212 4087 ba-

176 4122 257 4214 'ria;
279 4130 327 4199 ita
343 4128 381 4195 in
397 4120 465 4197 hoc
480 4118 629 4191 articulo
642 4118 828 4219 ostendere
848 4117 996 4202 debent,
1025 4116 1115 4217 quid
1131 4116 1177 4186 sit
1226 4114 1369 4183 buimus
1383 4110 1565 4186 hominem
1580 4117 1853 4188 furiosissimum
1867 4111 2130 4208 Adstrictum,
2149 4120 2212 4215 qui,

185 4230 292 4303 officii
300 4224 330 4323 ⁹)
348 4224 632 4317 Magistratuum.
683 4216 822 4288 Deinde
835 4242 977 4289 curuos
993 4216 1068 4287 iam'
1083 4232 1175 4289 recta
1227 4230 1307 4285 cunt
1327 4216 1509 4287 rideretur
1531 4231 1656 4289 natura
1679 4220 1866 4289 seditiosus
1883 4242 1976 4303 esse,
2002 4234 2125 4294 tamen
2148 4244 2210 4301 mo

186 4336 349 4407 docentes
372 4326 568 4397 detendunt
584 4317 833 4411 Magistratus,
860 4344 924 4390 cur
946 4320 1177 4421 aboleverunt
1214 4329 1279 4387 est
1293 4317 1438 4388 affectus
1452 4320 1580 4415 ultimo
1594 4320 1785 4413 supplicio;
1811 4322 1874 4391 'scd
1888 4322 2070 4393 tolerabili
2087 4344 2210 4395 carcere

187 4431 315 4531 ἷῐῐψῖθδ
338 4431 477 4513 cullffis·
503 4426 534 4494 δῖ
555 4414 784 4519 Magistratus'
803 4426 877 4491 1'1011
900 4416 1009 4494 habet
1029 4423 1177 4521 manda
1215 4430 1365 4489 'tantum
1382 4444 1424 4489 eo
1443 4434 1599 4492 retentus
1616 4434 1684 4507 est,
1708 4445 1755 4493 ne
1769 4422 1858 4494 alibi
1872 4437 2012 4497 noceat.
2063 4422 2115 4498 Et
2128 4422 2209 4497 nunc

1019 4520 1023 4527 ’
1115 4518 1135 4581 ’ἶ
1228 4522 1385 4610 agnoscit
1418 4545 1585 4597 errorem.
1649 4519 1732 4609 Ait,
1771 4546 1809 4593 se
1839 4524 1995 4595 voluisse
2028 4516 2207 4599 retoimarr

205 4692 249 4759 η)
268 4686 394 4745 setweh.
407 4678 606 4748 ,mmm
652 4626 656 4633 ¹
693 4614 710 4637 μ
1033 4714 1038 4735 1
1085 4710 1089 4715 ¹
1181 4724 1184 4729 Ι
1216 4624 1421 4707 mnndum,
1447 4644 1547 4693 τοῦ·
1570 4645 1607 4693 se
1643 4646 1748 4695 suum
1778 4624 1950 4695 ‘officium
1983 4622 2208 4709 'intelless'tte

218 4780 248 4847 ε)
266 4774 359 4833 seeo.
374 4779 479 4823 autem.
1228 4718 1390 4792 Omnino
1410 4725 1521 4796 factus
1546 4740 1597 4796 est
1615 4726 1844 4829 modefatior.
1895 4718 2095 4801 Lutherus
2116 4730 2207 4801 ratio-

219 4862 247 4927 8)
265 4846 672 4913 nonunttoabotaSetwes.
761 4876 794 4891 ··
1026 4880 1029 4885 -
1227 4846 1310 4893 nem
1326 4825 1494 4917 optimum
1509 4828 1548 4897 in
1564 4823 1629 4897 bac.
1646 4829 1900 4900 deliberatione
1914 4830 1959 4899 de
1975 4827 2205 4927 Anabaptistit

186 4604 406 4628 μ

216 4948 248 5093 2}
267 4944 355 5082 ξπ
367 4934 693 5076 ’ἔῖἒὲψωωῧ
711 4916 803 4987 ⁵⁰5¹*
832 5038 836 5047 Ι
857 4914 867 4937 '⁵
1090 5030 1093 5035 Ι
1215 4924 1404 5055 Ιειίῐιειείκιί.
1454 4927 1623 5011 Dicebat,
1650 4945 1810 5001 constare
1823 4932 1894 5000 iam
1914 4932 1992 5001 sine
2005 4934 2205 5041 ulla-‹lebi-

217 5114 247 5181 ⁶)
265 5110 357 5167 ΜΝ·
371 5108 445 5175 Ψὼ·
1005 5086 1008 5093 ’
1059 5110 1062 5115 ·
1154 5080 1184 5141 ..ἶ
1263 5085 1305 5151 10)
1323 5084 1572 5140 Schmreelomoe.
1645 5150 1648 5155 Ι
2038 5112 2150 5159 Ι

207 5198 248 5263 -ii
265 5184 519 5251 semodi-acidior
533 5192 608 5247 Μία
617 5182 710 5245 sclav,
768 5238 774 5251 ι
1260 5152 1306 5289 gp
1322 5154 1607 5290 qspuh'pdsnsirgshp'nam..

996 5304 1003 5321 ⁸
1108 5312 1114 5319 ·
1136 5316 1139 5321 ·
1259 5288 1305 5357 18)
1323 5294 1423 5344 aedem
1434 5291 1525 5345 Scbw.

1066 5364 1071 5371 '
1257 5358 1287 5425 ἦ
1306 5360 1353 5413 hic
1366 5360 1467 5429 ceriam]
1482 5360 1671 5415 &lemtim
1683 5354 1739 5415 his}
