4522 5760
91 215 102 289 ι
448 243 453 253 ·
584 200 1024 297 nersronanuu
1078 201 1191 283 nra.
1231 202 1314 282 vn.
1368 199 1500 313 sess.
1542 315 1546 322 1
1822 260 1831 269 .
1987 139 2062 313 sac

91 386 199 459 uvis.
250 383 291 458 si
310 385 389 477 quis
405 396 524 454 autem
534 383 586 450 -in
602 382 724 452 vineas
749 377 920 470 irruperit
934 400 1021 449 con-
1054 375 1324 468 'nereoptimos
1337 377 1472 446 studeo.
1514 373 1594 445 Hoc
1609 375 1758 446 consilio
1774 387 1808 444 et
1824 375 1944 446 animo
1960 373 2064 448 lusti-

91 503 158 582 rpto
187 488 266 556 iure
289 481 452 577 hospitii,
487 485 593 573 sciat,
632 508 670 553 se
696 502 830 576 poenas
852 480 1020 551 daturum
1070 478 1122 548 tni
1144 477 1371 568 interpretari
1385 470 1592 553 Ptolemaei
1605 474 1743 549 librum
1761 470 1803 545 dc
1818 472 1998 564 Iudiciis,
2022 479 2062 547 in

91 615 99 640 .
159 581 165 585 “
1071 605 1140 672 qno
1154 574 1247 647 nihil
1269 578 1339 647 nisi
1360 579 1623 669 grammaticam
1641 580 1968 671 interpretationem
1981 580 2062 673 pol-

1069 682 1197 764 liceor,
1231 679 1331 749 cuius
1347 694 1438 751 certe
1454 705 1530 752 non
1546 704 1624 753 sum
1646 682 1751 772 plane
1769 681 1878 754 rudis.
1933 679 1975 753 ld
1995 706 2061 752 an·

1069 796 1141 851 tem
1160 807 1201 850 eo
1216 782 1323 865 facio,
1347 795 1388 852 ut
1406 783 1561 874 optimus
1580 777 1708 852 author
1727 782 1787 863 fiat
1809 782 1992 853 notiorac
2007 785 2061 852 fa-

111 933 207 1008 1341
893 943 913 1007 2
946 932 1009 996 00¹
1069 884 1244 953 miliarior
1272 883 1572 969 adolescentibus,
1609 898 1643 954 et
1666 897 1707 954 ut
1731 882 1842 975 aliqui
1864 884 2058 954 foeliciori-

91 989 244 1070 ,φφ
507 1018 511 1025 ·
878 981 1018 1054 »ἐρ’
1062 988 1135 1075 ,bus
1150 985 1302 1075 ingeniis
1320 986 1471 1075 praediti
1490 988 1728 1055 accendantur
1747 986 1790 1053 ad
1806 986 1965 1054 studium
1981 986 2060 1056 illa·

411 1082 452 1183 L
480 1097 659 1183 Ionae(
766 1078 768 1083 ¹
963 1154 969 1165 ,
1069 1112 1150 1156 rum
1176 1086 1555 1178 praestantissimarum
1570 1088 1719 1158 artium.
1777 1081 1825 1154 Et
1849 1087 1960 1157 mulla
1979 1101 2062 1158 sunt

1069 1184 1219 1282 Physica
1241 1188 1281 1256 in
1305 1182 1361 1257 his
1383 1213 1473 1280 quae
1495 1189 1633 1280 assequi
1658 1211 1781 1259 omnes
1795 1189 1945 1264 studiosi
1959 1190 2061 1267 facile

93 1373 98 1380 ‚
163 1276 250 1349 ΕΡῙΜ
264 1276 357 1334 M·
375 1296 401 1349 P·
415 1275 500 1348 ΜΨ
1070 1304 1234 1381 possunt,
1266 1301 1301 1359 et
1323 1302 1407 1359 sunt
1429 1290 1531 1363 utilia
1556 1291 1595 1361 in
1613 1291 1699 1363 vita.
1751 1287 1922 1380 Incipiam
1944 1302 2070 1364 autem.

278 1380 282 1390 '
1070 1386 1176 1461 hodie
1188 1389 1266 1463 Deo
1279 1391 1423 1461 iuvante
1438 1387 1526 1465 hora
1538 1392 1674 1485 prims,
1699 1388 1879 1482 Ienaell.
1894 1386 2062 1467 Octobris

1073 1488 1182 1573 1555.
1224 1564 1229 1571 ,

359 1430 500 1507 luslo
524 1430 687 1508 Ionae.

91 1568 129 1645 D·
187 1570 301 1664 Spero
326 1569 429 1641 vobis
450 1565 625 1660 voluptati
645 1565 752 1639 luisse
773 1552 1019 1664 Chrislopltu-

91 1697 127 1754 c,
153 1675 325 1745 nuncium
340 1669 544 1760 Anglicum.
594 1664 688 1739 Nam
703 1663 793 1737 mihi
804 1670 950 1760 quidem
962 1667 1020 1737 vi.-

99 1789 241 1847 estnon
256 1775 372 1846 solum
387 1768 545 1842 hnmano
562 1771 706 1859 iugenio
725 1793 810 1853 esse,
835 1772 897 1840 sed
913 1771 1019 1840 etiam

91 1877 163 1955 ulto
178 1878 291 1947 literis
309 1889 343 1946 et
357 1872 721 1966 peregrinationibus,
745 1871 928 1964 inquibus
943 1895 1018 1941 non
1068 1867 1137 1940 No.
1155 1868 1267 1943 1343.
1783 1867 1790 1897 ³
1915 1882 1972 1942 17.
1989 1874 2061 1939 osc.

91 2002 142 2057 tm
164 1982 311 2052 πολλῶν
328 1968 547 2072 ἀνθρώπων
565 1967 791 2058 isiariotae,
829 1977 889 2045 secl
908 1976 1019 2064 degn-

91 2080 132 2153 cit
148 2081 255 2151 etiam
275 2095 408 2152 sensus.
459 2075 552 2147 Nam
573 2076 640 2145 scis
656 2075 747 2145 illud
763 2075 941 2147 addidisse
963 2099 1018 2145 sa·
1387 2033 1522 2119 Mffl'i·
1537 2033 1744 2118 [suthem.

91 2182 181 2257 otiss.
198 2196 348 2273 poetam.
399 2178 508 2251 Mitto
525 2172 874 2296 thibomgortncri
889 2176 1019 2301 episto·
1136 2211 1214 2291 pn.
1231 2213 1397 2297 ⁸9l⁰sr²t³¹¹⁰
1409 2214 1480 2341 Papi.
1494 2188 1563 2297 Met.
1574 2213 1603 2268 in
1617 2211 1928 2289 eodAEehdipvnurt
1956 2185 2063 2270 lotv.

91 2310 115 2370 t,
137 2283 178 2357 iu
195 2309 264 2376 qua
280 2293 442 2374 apparet,
468 2304 541 2350 non
558 2280 781 2353 drssnnulare
801 2293 942 2350 nostros
956 2304 1018 2350 sv-
1174 2282 1308 2354 descripta
1325 2303 1340 2338 a
1355 2282 1385 2339 s,
1396 2283 1431 2339 v.
1465 2285 1580 2347 ehuluo·

1073 1965 1288 2004 Μ
1927 1969 2063 2001 Μ

91 2376 1019 2574 maalathnatalitiis
1068 2432 1886 2642 andahaitascae
1926 2433 2066 2509 Μ

91 2589 135 2661 da
159 2580 208 2684 ⁸⁸).
268 2586 338 2676 Sed
359 2582 527 2678 Reipub.x
537 2597 571 2653 et
589 2581 768 2655 Ecclesiae
785 2608 843 2654 me
865 2585 1019 2668 miseret,

91 2714 136 2775 e,
167 2690 199 2761 si
218 2703 306 2769 esset
326 2687 411 2781 ipsis
433 2710 555 2769 curae,
584 2687 741 2779 profecte
765 2698 947 2757 uteremur
968 2685 1019 2754 eis
1067 2665 1115 2757 S·
1127 2686 1172 2765 D.
1203 2761 1212 2771 ,,
1221 2687 1309 2761 Post
1323 2690 1494 2784 principis
1515 2690 1706 2761 discessum
1727 2683 1821 2757 nihil
1836 2683 1896 2759 hic
1920 2691 2064 2784 quidem

91 2791 261 2865 uioribus.
310 2788 409 2861 Bene
425 2789 503 2860 vale
518 2784 685 2879 mortuas
700 2804 780 2882 post
796 2786 973 2883 Dionysii.
1069 2793 1156 2862 novi
1169 2794 1384 2886 accepimus,
1417 2817 1482 2863 nec
1497 2793 1606 2862 rediit
1626 2794 1670 2863 ad
1689 2815 1755 2861 nos
1769 2778 2064 2890 Chrislophorus

125 2891 265 2967 Salutat
287 2907 322 2963 te
339 2884 794 2988 Franciscus'cpctciuocpoc
816 2885 886 2963 οὐκ
903 2879 1019 2962 stude
1069 2893 1130 2963 ille
1145 2891 1318 2986 Anglicns
1333 2896 1496 2968 nuncius.
1547 2892 1670 2987 ltaque
1691 2907 1831 2965 tantum
1852 2896 1896 2973 de
1917 2895 2065 2986 privatis

163 2994 324 3090 'pomos
863 3040 869 3053 ·
1068 2997 1175 3066 rebus
1192 2998 1354 3069 scribam.
1391 2993 1446 3065 Ea
1460 3009 1511 3065 est
1525 2995 1761 3086 plurimarum
1776 3020 1896 3065 rernm
1912 2996 2065 3068 difficul-

765 3087 966 3184 Philippus.
1071 3109 1122 3166 tas
1143 3092 1221 3182 hic,
1252 3110 1310 3182 ut,
1344 3110 1516 3189 qnantum
1537 3119 1600 3186 ego
1620 3098 1778 3167 iudicare
1800 3122 1839 3166 ac
1863 3099 2004 3190 prospic
2025 3121 2064 3168 re

888 3258 892 3265 ,
1070 3221 1232 3291 possum,
1263 3198 1477 3282 existimem,
1510 3220 1576 3267 nos
1598 3198 1840 3268 oeconomiam
1861 3193 1987 3293 hyeme
2005 3122 2064 3270 lie

1010 3325 1013 3332 ¹
1070 3291 1165 3370 tueri
1183 3324 1259 3371 non
1281 3324 1393 3403 posses
1449 3294 1571 3388 Quar'e
1589 3300 1653 3370 ubi
1674 3301 1831 3392 primum
1854 3301 2064 3370 conveneri-

91 3436 222 3512 ‚1342
350 3458 356 3469 .
452 3435 455 3439 ’
857 3451 888 3514 .1
896 3443 929 3510 4·
948 3442 1020 3508 om·
1070 3384 1169 3488 mds,
1192 3404 1394 3472 referamad
1407 3401 1595 3472 consilinm
1612 3402 1657 3470 de
1670 3400 1797 3471 reditu.
1847 3398 1939 3470 Nam
1954 3403 2062 3472 modo

91 3538 241 3575 ,φφ
877 3534 1017 3566 Μ
1071 3520 1105 3575 et
1118 3493 1296 3599 Cruciger
1317 3506 1433 3590 abest,
1465 3516 1500 3573 et
1520 3505 1650 3573 absunt
1663 3501 1918 3576 Iurisconsulti.
1969 3502 2102 3581 Satisg
2197 3497 2200 3503 ’

407 3584 643 3690 Studiosis.
875 3619 881 3631 '
1031 3639 1034 3642 ⁴
1070 3629 1191 3696 graves
1204 3630 1337 3699 poenas
1351 3606 1521 3675 stultitiae
1536 3619 1677 3676 nostrae
1691 3605 1842 3693 luimus,
1877 3618 1911 3677 et
1925 3629 1988 3696 ego
2004 3606 2063 3675 in-

1069 3709 1212 3800 primis,
1245 3710 1342 3801 qnod
1366 3706 1489 3791 istinc,
1522 3708 1634 3778 secuti
1654 3708 1765 3798 magis
1782 3707 1942 3777 alienum
1956 3731 2063 3802 quam

91 3780 171 3838 Edita
184 3783 214 3838 in
227 3784 315 3846 Riccii
328 3766 445 3841 Miscell.
464 3803 511 3840 no.
523 3782 634 3841 XXXV.
651 3783 793 3857 descripsit
805 3786 1017 3842 Feerstemann.
1067 3823 1233 3881 nostrum
1247 3808 1439 3894 iudicium,
1464 3808 1697 3883 discessimus·

92 3939 224 4015 imam
239 3911 406 4016 PMs'n
420 3940 581 4042 Primum
597 3940 733 4015 mmm
748 3937 961 4014 Pwkmmi
976 3937 1019 4015 de
1167 3993 1221 4066 De
1236 4009 1297 4066 tuo
1314 3994 1489 4086 stipendio
1506 3957 1693 4066 admonuit
1707 3992 1907 4085 principem
1919 3984 2061 4068 Ponta-

430 4039 602 4118 Iudm'
1069 4119 1151 4167 nus.
1203 4095 1312 4185 Quod
1333 4098 1363 4164 si
1380 4121 1454 4165 non
1476 4097 1655 4187 accepisti,
1687 4096 1742 4167 lac
1764 4109 1806 4167 ut
1821 4096 1939 4169 sciam.
1990 4093 2063 4165 Mi-

91 4198 322 4291 iprudenter
342 4197 476 4274 dictum
505 4210 557 4268 est
580 4196 690 4281 illud,
727 4194 846 4285 Quam
868 4200 1018 4294 quisque
1067 4198 1163 4269 rifice
1180 4201 1274 4270 enim
1289 4200 1517 4288 negliguntur
1529 4199 1696 4271 mandata
1707 4197 1889 4289 principis.
1940 4189 2061 4270 Plan·

91 4324 137 4370 un
159 4302 302 4385 didicit,
332 4324 408 4368 eam
424 4311 598 4387 ,exerceam
636 4310 756 4369 tamen
777 4317 1017 4394 praeceptores
1069 4323 1130 4369 cus
1144 4302 1249 4370 nobis
1263 4325 1339 4370 non
1352 4299 1468 4373 solvit.
1518 4297 1592 4379 Nec
1609 4300 1752 4380 caeteri,
1779 4299 1941 4391 aquibus
1957 4293 2060 4372 seha

91 4403 219 4476 merare
233 4401 369 4495 aliquid
385 4402 565 4471 interdum
585 4413 760 4488 coguntur
780 4414 822 4471 es
839 4401 917 4473 aliis
931 4403 1038 4491 artis
1066 4402 1182 4472 lastici
1211 4402 1398 4494 pecuniam
1426 4401 1620 4493 accipiunt,
1671 4402 1819 4473 mittunt
1853 4399 2059 4494 quidquam.¹

91 4553 103 4587 ,
119 4504 252 4599 quibus
260 4527 335 4573 non
344 4515 429 4572 sunt
443 4524 588 4593 prorsus
597 4501 710 4571 dediti
725 4514 767 4571 ut
777 4502 928 4578 excitent
942 4518 1017 4575 stn-
1066 4504 1162 4574 Hinc
1173 4504 1388 4595 sacilepotes
1405 4504 1629 4589 ratiocinari,
1662 4528 1734 4597 quo
1758 4502 1798 4573 in
1811 4513 1902 4573 statu
1918 4503 2059 4580 ressiut
2092 4592 2095 4597 ν

97 4600 309 4677 inventutis.
329 4602 387 4699 „ld
401 4603 491 4673 facio
506 4616 687 4688 nontam,
708 4605 865 4694 profecto
881 4631 956 4679 uon
971 4609 1016 4677 ad
1064 4620 1218 4680 nostrae.
1276 4603 1376 4693 Quid
1394 4608 1493 4698 qrrod
1512 4606 1676 4698 princeps
1696 4607 1776 4698 ipse
1799 4602 1845 4677 ab
1868 4600 2057 4677 Academia

91 4720 180 4801 ptam
196 4722 229 4777 et
243 4705 431 4776 ridiculam
446 4704 580 4795 ingenii
596 4704 889 4799 ostentationem,
929 4706 1015 4778 Meo
1063 4708 1214 4779 abduxit
1234 4731 1424 4799 personas,
1465 4731 1616 4800 quarum
1642 4707 1802 4779 absentia
1827 4705 1956 4781 studiis
1983 4729 2058 4778 nou
2103 4723 2116 4747 ‘
2163 4750 2169 4759 ‹

91 4827 121 4879 m
137 4832 199 4881 -me
218 4809 308 4901 pede
327 4807 466 4898 metior.
526 4805 598 4878 sed
619 4819 921 4899 praemonstrator
943 4832 1016 4878 esse
1065 4805 1159 4878 nihil
1176 4800 1407 4879 incommodi
1426 4809 1549 4879 adfert.
1611 4808 1681 4880 Sed
1706 4809 1840 4878 desino.
1898 4803 1996 4879 Bene
2024 4823 2057 4881 et

92 4910 163 4997 io,
174 4925 215 4995 ut
228 4911 341 4981 sciant
354 4908 607 4997 adolescentes,
636 4908 805 5003 pleraque
825 4933 915 5002 qnae
928 4909 1016 4981 olim
1065 4912 1215 4987 feliciter
1226 4912 1305 4991 vale
1316 4925 1361 4999 ,et
1381 4911 1495 4981 saluta
1513 4925 1714 4985 reverenter
1736 4912 1824 4979 meis
1839 4907 1955 4985 verbis
1970 4933 2056 4979 con-

91 5008 214 5084 terunt
234 5010 274 5079 in
295 5003 425 5081 scholis
438 5006 662 5100 ¹‹tripectanda
690 5033 763 5079 esse
786 5008 855 5080 sibi
879 5010 1015 5101 ingenti
1064 5013 1182 5105 iugem
1198 5025 1297 5091 tuam
1317 5004 1611 5092 homatisgimam,
1660 5009 1923 5093 PgidieLuoee,

91 5112 144 5187 mo'
167 5129 202 5186 et
215 5126 255 5184 ut
272 5111 471 5183 occasiones
492 5106 677 5211 habeant,
694 5106 861 5211 authores
882 5125 1015 5210 'propo-
1448 5200 1451 5205 .
1797 5120 2005 5221 Philippu„

91 5374 755 5453 ammenerfimaammm'wprnee
814 5408 819 5419 ·

91 5484 203 5531 »surm
216 5462 320 5533 Oru-
339 5459 424 5526 vor..
441 5457 485 5526 Π.
