4522 5760
111 164 211 266 sst-

115 354 227 431 Germ
233 352 344 449 anias
359 352 578 425 severissima
593 352 682 439 fuit,
713 376 810 425 nunc
825 362 963 427 tantum
976 353 1110 431 retinet-

116 476 176 533 tnr
199 456 391 529 in--familia
413 452 584 528 Caesaris.
648 450 771 549 Itaque
793 480 897 525 nemo
923 456 1109 549 improbus

118 564 155 631 in
181 557 454 630 familiaritatem
479 556 554 625 eius
579 554 759 625 insinuare
775 580 811 625 se
829 570 953 650 potest.
1003 552 1109 627 Ami-

118 664 167 733 cis
182 662 295 732 utitur
315 670 453 727 tantum
471 654 698 749 Principibus
721 657 825 736 viris,
856 681 945 751 quos
965 680 1029 727 suo
1051 656 1109 727 iu-

118 762 212 832 dicio
228 772 374 852 propter
387 759 554 827 virtutem
570 750 711 845 delegit.
744 754 794 827 Et
809 760 1110 851 quemadmodum

119 865 231 933 fertur
248 853 464 930 Alexander
487 856 680 947 lmperator
695 859 803 927 'unice
824 860 1015 929 delectatus
1035 882 1109 926 esse

120 961 377 1035 consuetudine
399 955 565 1049 Ulpiani
587 957 852 1039 Iurisconsulti,
893 961 941 1029 ita
974 960 1108 1050 accipio

118 1062 434 1135 familiarissimum
442 1057 584 1129 Caesari
597 1071 719 1129 nostro
734 1060 840 1128 fnisse
850 1055 1108 1129 Mercurinum

120 1164 378 1237 Cancellarium
400 1161 518 1253 quoad
541 1160 639 1229 vixit.
700 1158 808 1229 Hune
828 1163 1034 1253 praedicant
1054 1164 1109 1227 ri-

120 1290 202 1336 rum
231 1263 406 1356 optimum
434 1274 469 1330 et
498 1260 794 1351 sapientissimum
836 1263 1011 1355 planeque
1033 1258 1108 1332 Ul-

119 1365 275 1465 pianum
300 1365 451 1433 alterum
473 1362 592 1431 fnisse.
647 1360 725 1431 Hae
746 1387 787 1432 ex
808 1386 848 1433 re
870 1364 1107 1433 coniecturam

120 1470 234 1539 facere
254 1479 354 1559 potes
368 1465 413 1532 de
427 1462 610 1533 voluntate
620 1478 655 1535 et
668 1466 828 1533 moribus
841 1461 1021 1549 Caesaris,¹
1052 1460 1109 1533 ὅτι

122 1572 287 1647 τοιοῦτος
301 1560 402 1637 ἐστὶν
415 1560 584 1649 ἕκαστος,
611 1554 712 1660 ᾧπερ
726 1560 854 1657 ἥδεται
869 1558 1003 1646 ξυνών.
1037 1562 1109 1633 lta-

122 1694 191 1762 que
209 1668 347 1762 quoties
361 1665 479 1757 aspexi
494 1660 699 1749 Caesarem,
731 1667 828 1735 visus
844 1690 922 1735 sum
937 1661 1029 1734 mibi
1042 1666 1109 1733 ali-

122 1792 227 1865 quem
250 1793 292 1838 ex
317 1767 389 1835 illis
411 1766 661 1835 laudatissimis
682 1760 851 1836 heroibus
871 1790 912 1837 ac
934 1766 1110 1848 semideis,

121 1894 211 1963 quos
233 1869 413 1962 quondam
436 1865 531 1937 inter
550 1862 714 1936 homines
744 1880 901 1937 versatos
928 1884 1002 1937 esse
1033 1892 1110 1937 cre-

122 1971 258 2054 dimus,
284 1968 416 2037 videre.
468 1962 522 2036 Ac
538 1966 650 2037 multo
666 1970 783 2037 verius
803 1970 839 2035 in
856 1965 953 2037 bunc
968 1992 1110 2059 compe-

121 2084 196 2141 tere
211 2068 382 2151 iudicavi,
405 2068 502 2160 quod
518 2069 564 2137 de
578 2064 747 2161 Augusto
761 2070 899 2161 scripsit
914 2067 1109 2149 Horatius,

122 2196 229 2267 quam
244 2172 290 2241 ad
310 2169 414 2238 illum
436 2168 552 2260 ipsum
573 2170 800 2262 quantumvis
819 2172 955 2241 bouum
977 2184 1013 2241 et
1033 2171 1110 2267 larr-

700 178 1133 273 uersu-OLARUM
1181 178 1289 271 ulls
1317 180 1363 255 V.
1417 170 1547 255 1630.

2062 187 2133 264 ιιι
2176 210 2180 223 ·

1158 366 1286 445 posset.
1337 336 1471 425 Verum
1486 378 1533 425 ne
1547 347 1606 425 bis
1620 344 1784 448 quidem,
1803 354 2000 449 qttsrnlib'et
2017 356 2138 451 aeqrrft,
2168 328 2180 440 l,

1158 454 1423 525 conditionibus
1445 457 1585 547 placare
1606 457 1825 527 adversarios
1848 458 2048 547 potuimus,
2084 458 2139 551 qui
2167 444 2172 517 l

1157 578 1302 645 prorsus
1317 578 1381 625 suo
1402 579 1502 627 more
1523 558 1691 646 agebant,
1722 558 1966 650 postulabant,
1995 572 2038 629 ut
2060 580 2138 629 eom
2173 588 2180 599 ·

1156 657 1344 739 fossionem
1359 670 1516 729 nostram
1531 658 1774 733 abiiceremus.
1824 656 1947 729 ld=nos
1960 660 2075 729 facere
2090 684 2137 729 re·

1158 757 1368 829 cusavimus.
1879 808 1882 815 .

1259 852 1463 949 Gregorius
1481 854 1750 933 Nazianzenus
1781 859 1906 929 scribit
1936 859 2080 929 nullum
2108 882 2141 929 ss

1157 957 1287 1029 vidisse
1302 956 1527 1031 Conventum
1546 958 1827 1051 Episcoporum,
1859 962 1923 1053 qni
1942 984 2018 1029 nou
2036 960 2139 1049 magis

1158 1060 1355 1130 accenderit
1371 1060 1566 1131 discordias
1590 1086 1696 1155 quam
1720 1061 1913 1133 diremerit.
1964 1061 2026 1131 Sic
2051 1062 2139 1130 enim

1159 1160 1293 1252 inquit,
1326 1158 1396 1251 ἔχει
1413 1156 1483 1253 piu
1500 1158 1635 1247 οὕτως,
1662 1162 1694 1231 si
1709 1156 1801 1233 θεῖτ’
1820 1154 1957 1255 ἀληθὲς
1967 1154 2137 1285 ppeipetr,
2170 1148 2180 1236 l

1158 1256 1251 1331 diors
1266 1253 1389 1331 πάντα
1404 1256 1587 1361 σύλλογον
1594 1254 1746 1359 φεύγειν
1758 1266 1837 1335 τῶν
1851 1263 2074 1347 intonuerant,
2090 1258 2140 1333 iia

1157 1356 1339 1453 μηδεμιᾶς
1349 1357 1512 1435 συνόδου
1525 1360 1625 1443 τέλος
1636 1358 1738 1435 εἶδον
1742 1359 1919 1458 χρηστὸν,
1933 1357 2030 1455 μηδὲ
2042 1356 2142 1435 teian

1157 1464 1639 1556 κακῶνμιὶλλονίσχηκυῖας
1651 1458 1675 1556 ἢ
1686 1457 1926 1559 προσθήκην·
1945 1462 1986 1535 αἱ
1998 1460 2143 1563 γὰρφι-

1159 1559 1332 1633 λοιέικιάι
1372 1560 1434 1635 καὶ
1473 1561 1666 1660 pasnagia
1699 1558 1814 1662 λόγου
1843 1560 2051 1657 κρείττονες
2082 1578 2141 1637 ete.
2177 1596 2180 1647 ι

1159 1660 1267 1751 Quod
1296 1665 1326 1732 si
1356 1660 1423 1735 boc
1445 1667 1572 1735 accidit
1596 1668 1667 1735 illis
1688 1666 2143 1757 melioribus-tempsanus,

1159 1766 1247 1856 quid
1266 1788 1363 1834 nnnc
1386 1769 1638 1856 expectandum
1657 1767 1706 1837 sit
1725 1766 1874 1836 iudicari
1895 1765 1999 1835 facile
2020 1778 2142 1856 potest,

1159 1878 1295 1935 camut
1313 1880 1445 1935 caetera
1467 1868 1566 1957 paria
1587 1868 1681 1949 sint,
1711 1880 1804 1937 certe
1828 1860 2022 1961 φιλαρχίαι
2043 1868 2142 1954 longe

1158 1960 1441 2043 vehementiores
1472 1982 1566 2045 sunt.
1624 1966 1739 2037 Video
1771 1969 1950 2051 futurum,
1987 1978 2030 2037 ιιι
2061 1962 2143 2037 baec

1160 2068 1250 2136 mala
1268 2067 1433 2139 violentis
1450 2068 1614 2137 remediis
1632 2068 1740 2157 magis
1762 2069 1869 2142 ctiam
1887 2068 2144 2139 exulcerentur.

1159 2166 1232 2237 Nec
1263 2169 1452 2239 obscurum
1481 2183 1552 2253 est,
1592 2194 1659 2259 per
1676 2170 1797 2261 quales
1821 2164 2068 2262 sycophantas
2092 2170 2145 2237 in-

122 2276 245 2343 dutum
260 2268 481 2360 Principem:

247 2397 316 2465 Hoc
328 2394 405 2460 nibil
419 2396 517 2459 maius
531 2394 678 2460 meliusve
691 2398 782 2462 terris

243 2485 328 2548 Fata
345 2484 514 2558 donavere,
536 2483 667 2561 bonique
683 2482 771 2545 Diris

248 2568 314 2632 Nec
329 2569 456 2644 dabunt,
479 2565 616 2644 quamvis
632 2568 756 2630 redeant
771 2566 803 2629 in
818 2584 925 2629 aurum

332 2652 489 2731 Tempora
500 2650 648 2731 priscam.

1160 2269 1311 2347 citeutur
1335 2268 1515 2360 Principes
1538 2284 1572 2343 et
1592 2268 1772 2361 Episcopi.
1838 2268 1916 2359 lpse
1939 2292 2061 2339 eoram
2083 2294 2145 2339 au·

1160 2368 1235 2437 divi
1256 2374 1478 2463 qnormulam
1494 2372 1776 2441 adversariorum
1792 2369 2059 2441 crudelissimos
2074 2394 2145 2441 ser·

1161 2494 1295 2543 moues.
2142 2526 2147 2533 .

1069 2562 1072 2567 ¹
1260 2569 1375 2639 Multa
1391 2564 1458 2639 hoc
1473 2595 1567 2643 anno
1582 2571 1743 2662 prodigia
1756 2572 1922 2645 nttueiata
1933 2584 2035 2641 sunt:
2066 2594 2144 2645 natu

1160 2670 1292 2741 mulam
1306 2666 1453 2741 Rornae
1466 2673 1641 2763 peperisse
1659 2672 1872 2761 accepimus,
1899 2685 1934 2742 et
1956 2672 2145 2741 extendatis

220 2770 319 2843 Haec
339 2768 450 2841 babni
470 2772 514 2841 de
529 2770 697 2857 Caesare,
721 2799 811 2867 quac
828 2789 863 2845 et
878 2768 969 2845 mibi
984 2774 1112 2847 iucun-
1160 2766 1300 2863 Tybris
1322 2796 1436 2861 nuper
1456 2774 1587 2843 mirum
1612 2773 1650 2841 in
1671 2776 1817 2843 modum
1845 2774 2061 2845 deformavit
2087 2796 2146 2841 ur·

122 2880 168 2948 da
190 2889 291 2945 crant
312 2862 532 2957 recordanti,
569 2886 603 2943 et
624 2870 692 2943 tibi
716 2875 915 2945 arbitrabar
936 2877 1111 2968 voluptati
1160 2875 1241 2941 bem
1263 2866 1427 2941 Romam
1440 2866 1493 2961 ⁴⁵),
1534 2890 1569 2945 et
1594 2873 1633 2941 in
1660 2896 1746 2962 agro
1770 2868 1992 2964 Augcsstano
2015 2874 2145 2943 vitulus

119 2981 252 3051 futura.
310 2972 427 3063 Quem
452 2975 547 3043 enim
570 2999 645 3044 non
669 2976 855 3057 delectaret
877 2972 936 3047 bie
958 3001 1111 3049 concen-
1160 2974 1279 3063 biceps
1299 2988 1403 3043 natus
1426 2986 1494 3059 est,
1532 2998 1621 3065 quae
1650 2968 1746 3043 baud
1773 2974 1885 3043 dubie
1912 2974 2144 3043 mutationem

120 3095 177 3151 tus
191 3070 510 3169 pulcherrimarum
523 3076 716 3161 virtutum,
737 3078 944 3167 praesertim
956 3078 995 3147 in
1012 3091 1109 3149 tanto
1158 3072 1392 3165 Reipublicae
1407 3077 1637 3165 portendunt.
1678 3072 1814 3144 Verum
1830 3069 1917 3143 baec
1931 3074 2145 3163 importuni-

120 3178 311 3268 Principe?
373 3174 528 3269 Reliqua
554 3172 701 3246 historia
729 3174 935 3249 Conventus
967 3180 1110 3268 longam
1158 3188 1211 3245 tas
1233 3176 1518 3253 adversariorum
1539 3174 1669 3245 certius
1693 3176 1790 3245 credi
1809 3176 2016 3267 prodigium
2033 3176 2143 3259 debet,

120 3274 492 3365 babet'l'ragoediam.
538 3272 613 3345 Nos
634 3276 829 3346 obtulimus
843 3278 1109 3348 Confessionem
1158 3300 1264 3369 quam
1280 3277 1351 3345 ulla
1367 3277 1436 3345 alia
1453 3289 1630 3366 portenta:

121 3380 222 3462 fidei,
255 3376 536 3453 moderatissime
562 3376 746 3467 scriptam,
777 3391 1024 3469 tet-appareret
1044 3384 1112 3449 no's
1280 3384 1326 3453 Ἦ
1337 3388 1372 3455 rii
1386 3389 1464 3473 κακὴ
1479 3386 1580 3473 βουλὴ
1593 3385 2010 3477 maurimonasterium.

121 3502 197 3549 non
212 3470 405 3546 abhorrere
421 3499 440 3544 a
456 3470 615 3569 consiliis
622 3476 735 3645 pacis.
786 3474 865 3549 Hoc
885 3504 997 3551 unum
1020 3482 1111 3571 peti·
1257 3489 1313 3561 De
1334 3494 1440 3564 nobis
1459 3491 1844 3563 extabuntteetimonia
1860 3494 1906 3561 ad
1921 3517 2067 3565 omnem
2083 3518 2142 3587 po.

122 3580 258 3661 vimus,
289 3598 334 3643 ne
359 3574 552 3679 saeviretur
568 3576 608 3643 in
656 3578 796 3646 cclesias
812 3594 949 3649 nostras
965 3595 1112 3673 propter
1160 3592 1368 3679 entitatem,
1407 3616 1474 3663 nos
1496 3594 1554 3683 pie
1572 3606 1606 3662 et
1629 3593 1793 3683 religiose
1814 3592 1983 3677 sensisse,
2015 3608 2052 3665 et
2072 3608 2141 3665 stn-

123 3680 162 3751 id
177 3676 359 3751 doctrinae
375 3697 497 3765 genus,
523 3676 684 3792 quodibi
702 3702 1006 3769 proposueramus,
1030 3706 1109 3751 cum
1160 3694 1261 3761 dium
1281 3694 1469 3765 collocasse
1495 3695 1534 3763 in
1553 3694 1763 3763 illustranda
1785 3693 1947 3763 doctrina
1970 3690 2142 3765 Ecclesiae

124 3780 268 3874 quidem
287 3774 629 3868 ressloqualffl'wffl,
661 3800 727 3873 {¹⁰⁵
749 3779 889 3849 nullum
905 3782 1032 3869 dogma
1048 3784 1111 3869 de,-
1159 3789 1364 3865 Catholicae
1394 3808 1431 3865 et
1457 3795 1703 3885 amplificanda
1731 3794 1844 3883 gloria
1868 3790 2017 3864 Cbristi.
2080 3794 2142 3865 llic

123 3881 267 3951 fundere
291 3891 413 3948 contra
433 3872 687 3967 Evangelltlm,
717 3892 778 3949 aut
798 3876 1018 3953 Catholieam
1041 3878 1112 3951 Ec-
1160 3894 1275 3963 cultus
1289 3908 1340 3965 est
1354 3918 1436 3965 vere
1452 3891 1578 3992 λοιμχὴ
1594 3888 1762 3985 λατρεία,
1792 3918 1884 3988 quae
1899 3896 2053 3965 maxime
2072 3898 2143 3989 ph.

126 3980 266 4050 clesiam
296 3978 369 4046 imo
398 3977 519 4048 multis
548 3977 635 4047 locis
656 3972 1112 4065 doctrinaeCltristianac,
1160 3992 1329 4077 craneo,¹
1347 3994 2048 4086 verbumDeipurermffimacdocffl,

127 4080 190 4175 qui
212 4093 313 4149 antea
332 4078 490 4167 profanis
506 4076 735 4169 opinionibus
751 4078 931 4151 iacuerant
943 4081 1113 4171 oppressi,
1262 4093 1370 4181 Quod
1391 4095 1422 4163 si
1436 4096 1576 4166 iniustis
1588 4096 1695 4166 armis
1710 4098 1866 4186 oppressi
1881 4098 2074 4183 fuerimus,
2094 4111 2143 4167 tas

89 4252 92 4257 .
127 4182 249 4251 lumen
272 4178 448 4263 attulisse,
490 4176 673 4262 videlieet,
710 4180 754 4247 de
776 4181 908 4253 iustitia
931 4181 1030 4267 frdei,
1068 4182 1112 4251 de
1161 4216 1243 4259 men
1265 4196 1538 4283 praestabimus,
1574 4210 1615 4267 ut
1635 4197 1758 4266 literae
1784 4213 1926 4268 nostrae
1954 4198 2143 4289 depingant

127 4278 363 4375 poenitentia,
393 4278 519 4348 d01¹⁵¹¹
534 4276 861 4365 Sacrssmflsswfflm,
892 4284 936 4349 ‘le
958 4282 1113 4352 allelmi·
1160 4293 1356 4381 posteritati
1371 4297 1589 4367 adversarios
1604 4312 1760 4379 nostros,
1790 4298 1853 4389 qui
1870 4322 1951 4366 cnm
1968 4312 2141 4389 praetextu

128 4394 198 4453 tate
219 4378 450 4451 traditionum
475 4373 723 4451 humanarum.
789 4380 899 4467 Quod
922 4380 952 4449 si
974 4374 1042 4451 hoc
1067 4383 1113 4451 ab
1162 4392 1317 4460 nominis
1331 4390 1464 4466 Christi
1478 4411 1600 4467 contra
1613 4422 1679 4469 nos
1691 4397 1841 4468 incitant
1853 4396 2053 4489 Principes,
2074 4420 2142 4471 uon

128 4477 337 4553 adversariis
352 4480 640 4577 impetraremus,
665 4482 936 4551 ostendebamus
949 4505 1015 4551 nos
1029 4506 1115 4573 pro-
1162 4494 1382 4564 constituunt
1393 4492 1583 4581 Ecclesias,
1607 4522 1683 4568 non
1694 4512 1820 4569 curant
1831 4496 2072 4595 Evangelium
2083 4492 2143 4571 doss

128 4576 762 4671 llxellll⁸c⁰¹1⁰038¹1r⁰⁸“Somniat
788 4584 943 4673 -quteitd
959 4582 1116 4671 (ligulis-
1163 4591 1251 4675 ceri,
1282 4608 1317 4663 et
1329 4591 1462 4666 Christi
1477 4598 1626 4686 gloriam
1641 4599 1825 4671 illustrari.
1875 4596 1925 4670 Et
1934 4595 1979 4669 ⁴in
1994 4596 2053 4673 bis
2065 4614 2143 4687 suut

129 4698 200 4757 tem
213 4676 472 4773 Episcoporum
487 4680 733 4750 stabiliendam
751 4682 940 4771 pertinent.
990 4680 1114 4773 Neque
1163 4692 1307 4783 quidam
1321 4696 1406 4765 belli
1420 4691 1601 4782 honriues,
1633 4698 1749 4791 palam
1762 4696 1930 4791 Epicurei
1945 4696 2012 4773 καὶ
2026 4694 2143 4787 rideat,

130 4786 227 4857 enim
247 4783 286 4852 id
309 4780 442 4872 egimus
464 4804 639 4873 unquam,
671 4796 710 4851 ut
732 4781 854 4871 politia
871 4778 1114 4851 Ecclesiastica
1162 4792 1226 4882 qui
1240 4815 1359 4863 secure
1376 4796 1525 4868 irrident
1540 4822 1661 4868 omnes
1674 4800 1875 4889 religiones.
1908 4798 2019 4873 Tales
2030 4796 2144 4875 ferunt

130 4886 402 4965 dissolveretur,
430 4882 537 4950 modo
558 4894 598 4951 ut
616 4876 851 4971 Evangelium
870 4904 946 4949 non
967 4883 1114 4949 damna·
1162 4891 1266 4961 nohis
1281 4894 1326 4961 de
1341 4896 1512 4986 religione
1525 4899 1634 4989 leges:
1660 4902 1720 4970 ,ed
1736 4904 1892 4994 reprimo
1906 4926 1975 4976 me·

130 5000 213 5057 rent
226 4982 427 5055 Pontifices.
476 4974 708 5051 Ostendimus
725 4982 830 5052 etiam
850 5004 914 5051 nos
929 4982 969 5049 in
987 4979 1114 5049 ritibus
1262 4989 1410 5080 Quoties
1426 5011 1542 5068 autem
1556 5002 1727 5072 memoria
1743 5016 1863 5095 mpero
1878 5017 2019 5074 vetere,
2033 5018 2145 5077 motu,

129 5084 383 5161 Ecclflflassllcls
404 5104 544 5168 ⁰m¹¹0⁵2
583 5080 646 5177 ‘lul
671 5082 876 5153 viderentur
902 5074 1114 5176 adsaporet,
1160 5084 1519 5184 Rerumpublicarum
1531 5098 1745 5172 etEcclesiae
1761 5116 1795 5175 et
1808 5101 1922 5174 exitus
1937 5104 2082 5197 colligo,
2095 5130 2147 5177 re-

131 5187 366 5261 communiter
391 5210 472 5255 cum
499 5182 584 5276 ipsis
604 5196 802 5253 servaturos
823 5206 908 5257 esse.
965 5181 1115 5253 Nullum
2138 5216 2145 5226 -

132 5286 401 5361 detrectavimus
432 5308 539 5368 onus,
584 5284 681 5381 quod
713 5283 790 5355 sine
821 5286 950 5356 scelere
983 5277 1115 5372 suscipi
1195 5303 1499 5383 orurrmeaesptb.
1534 5311 1596 5367 via.
1609 5312 1727 5371 sladen.
1741 5278 1900 5373 ὂοηιωιιι
1918 5336 1947 5391 p.
1962 5318 2024 5381 197.
