4522 5760
118 176 200 256 mo
366 240 445 249 ..
704 126 1568 267 srrsrousnnnnro.u1sso;

221 346 279 453 βο
295 345 373 435 neit
386 352 498 435 otoo,
514 348 577 440 tot
596 342 710 438 tegent
729 352 765 424 tu
780 351 953 444 foetebat
968 352 1046 445 nott)
1061 348 1112 440 n,
1163 353 1211 431 ΙΙ.
1236 354 1535 432 communionem
1557 365 1634 436 suh.
1648 376 1799 461 utraque
1820 368 1937 462 speeie
1954 392 2071 443 conce

121 452 305 540 bitsstutgu
320 447 559 522 &ottemtuttn
576 469 613 539 gu
628 450 748 541 gichen,
772 456 837 525 aab
855 452 1024 544 enbsltttt,
1048 453 1110 543 bel
1214 485 1254 530 eo
1278 460 1470 550 locorum,
1495 464 1560 533 ubi
1581 463 1828 539 Lutheranum
1848 467 2071 563 Evangeliuu

122 556 184 645 llt',
212 553 270 625 tait
285 550 390 641 bitte,
423 549 496 644 hod)
517 552 625 645 gemet
646 556 786 640 tetthen,
818 557 908 629 tacit
922 556 969 627 tie
984 553 1111 651 &octog
1213 564 1464 653 praedicatum,
1489 567 1538 636 ita
1554 579 1684 654 tamen,
1706 595 1753 639 ne
1769 596 1840 642 una
1857 570 1989 663 speeies
2007 576 2071 645 dan

119 660 206 729 ment
228 649 319 742 bord)
333 650 502 747 dingtitdpe
525 655 588 726 uub
603 656 698 726 sobet
713 657 810 749 lepte
830 655 899 749 fetos
920 657 953 729 io
973 656 1112 751 &secede

20 828 24 839 ,
120 742 199 848 teng
215 755 352 828 somam
372 754 448 844 sino.
669 812 671 817 .
894 824 897 829 .

220 857 279 929 itu
295 857 361 946 [tub
377 858 423 927 bie
436 853 568 947 michea
592 853 683 946 bned)
698 853 819 929 Cottet
833 854 932 933 onst
946 861 1111 952 bermofleu

118 960 165 1032 bei
182 966 245 1031 unt
260 959 427 1049 oogctidot,
447 962 512 1048 toti
528 960 574 1030 bie
591 958 665 1031 seut
681 957 708 1046 ie
724 958 813 1050 metor
827 980 898 1049 gum
914 960 1111 1034 &serenent

118 1081 249 1155 gegogen
262 1064 395 1135 meroen.
454 1062 539 1134 asos
557 1063 662 1132 mottte
680 1081 757 1133 tneo
772 1059 843 1150 soe)
856 1063 902 1135 bie
919 1084 1031 1135 ermen
1047 1062 1112 1135 lie:

117 1162 356 1253 nosocomium,
381 1162 441 1250 tofi
458 1167 554 1233 mont
568 1164 664 1234 nibet
679 1160 1056 1256 bctmstencuttutettidpt
1073 1185 1110 1256 gu

118 1267 252 1358 neubela
267 1266 405 1355 quingen
419 1262 549 1334 nottte?

219 1362 1110 1458 ffimmwwmmmmwffl

116 1476 348 1560 ctmteotgeng
377 1512 421 1527 --
450 1506 493 1521 -

217 1577 364 1662 (Reliqua
379 1575 611 1656 desiderantur.)
700 1619 705 1625 .

735 1894 817 1972 (20.
833 1900 883 1956 vel
903 1900 961 1962 21.
976 1893 1100 2002 Aug.)-

324 2076 492 2186 Geryon
521 2081 584 2166 cd
612 2079 904 2194 Spoletinum.

182 2262 253 2316 Ex·
275 2261 395 2334 ognplso
415 2262 445 2317 in
464 2260 562 2317 Tabul.
582 2261 680 2316 Vince·
700 2260 768 2333 Reg.
780 2260 814 2319 E.
829 2261 879 2317 tot.
894 2258 937 2316 87.
958 2278 1006 2314 uo.
1018 2262 1046 2321 2.
1058 2261 1109 2318 iol.

218 2281 279 2386 Ill.
290 2350 333 2402 sq.
369 2330 513 2403 Descripta
526 2350 542 2384 a
554 2331 655 2386 clariss.
668 2330 896 2385 Foerstemsnno.

357 2468 562 2568 Georgio
588 2469 858 2570 Spoletina

114 2604 159 2696 S.
187 2627 241 2697 Te
263 2629 428 2708 obsecro,
469 2625 671 2695 doctissime
693 2623 746 2692 mi
768 2624 968 2718 Spalatine‚
1005 2638 1046 2695 ut
1068 2638 1108 2693 tu

114 2754 255 2823 quoque
268 2751 338 2819 pro
354 2726 471 2796 officio
487 2722 671 2817 christiani
691 2727 809 2797 fratris
822 2729 1035 2817 respondeas
1051 2726 1108 2794 vel

114 2834 162 2901 ob
183 2826 252 2900 hoc
267 2852 401 2913 unum,
433 2841 475 2899 ut
489 2852 546 2897 me
560 2828 606 2898 ab
625 2827 738 2898 animi
753 2829 965 2904 cruciatibus
978 2829 1109 2897 immo-

114 2934 193 3004 dice
211 2956 268 3002 me
282 2931 532 3024 torquentibus
549 2930 689 3007 liberes.
702 2928 707 2933 ’
742 2927 878 3001 lactant
891 2930 987 3000 enirn
1000 2926 1108 3021 Papi-

113 3051 203 3120 stae,
235 3049 276 3106 ut
296 3029 375 3105 heri
390 3058 409 3102 a
427 3033 554 3102 comite
575 3033 721 3126 quidam
745 3032 923 3117 audierat,
955 3032 1063 3101 immo
1082 3028 1106 3124 ¹)

113 3141 153 3206 in
174 3136 341 3206 manibus
355 3135 431 3204 eius
452 3136 600 3223 legerat,
629 3132 674 3202 D.
685 3128 836 3215 Keller,
866 3131 975 3203 homo
990 3133 1107 3202 siuce-

114 3239 293 3317 rissinnrs,
326 3231 550 3306 Lutheranos
573 3235 789 3304 consensisse
804 3237 843 3303 in
859 3233 925 3306 hos
939 3236 1107 3305 articulos

115 3355 219 3432 utque
242 3340 329 3407 adeo
356 3332 447 3428 hanc
476 3336 757 3426 intempestivam
780 3337 1004 3406 concordiam
1025 3361 1105 3407 cum

115 3464 220 3511 carne
235 3439 435 3530 complexos
451 3447 533 3506 e'sse.
586 3435 695 3525 Quod
710 3437 739 3504 si
758 3462 881 3515 verum
898 3452 961 3517 est,
986 3440 1106 3522 timeo,

116 3567 159 3612 ne
177 3564 314 3612 summa
328 3540 412 3608 inde
429 3539 543 3607 carnis
561 3550 595 3607 et
610 3538 754 3629 spiritus
770 3540 817 3610 sit
840 3564 1016 3611 emersura
1033 3541 1106 3609 dis-

114 3644 245 3714 cordia.
301 3640 382 3711 Hoc
397 3665 512 3710 unum
534 3664 592 3710 me
615 3634 732 3709 adhuc
745 3641 844 3723 beat,
877 3644 975 3734 quod
993 3665 1106 3733 spero,

114 3730 302 3816 «lominum
334 3745 440 3813 deum
470 3743 582 3830 magis
612 3755 817 3833 promptum
831 3736 863 3836 ²)
895 3743 999 3812 nobis
1024 3767 1107 3827 esse,

78 3902 81 3907 .
114 3872 222 3939 wem
247 3847 343 3940 quod
366 3847 454 3915 adeo
480 3845 581 3913 foede
602 3842 676 3911 labi
697 3843 789 3915 sinat
817 3868 895 3930 eos,
936 3868 999 3934 per
1018 3869 1107 3938 quos

114 3944 285 4018 hacteuus
317 3970 456 4016 causam
490 3970 589 4015 sunm
612 3958 743 4015 tutatus
777 3959 838 4017 est.
915 3946 956 4016 Si
990 3961 1107 4017 autem

114 4050 264 4119 omniuo
287 4070 367 4117 vera
384 4063 485 4132 sunt,
518 4060 636 4117 actum
654 4060 705 4116 est
722 4038 770 4115 ¹de
784 4043 975 4119 christiana
997 4047 1107 4119 liber-

114 4164 196 4223 tate.

217 4247 392 4332 Articuli,
418 4262 458 4319 ut
475 4273 577 4341 spero
593 4250 735 4342 penitus
751 4249 848 4334 salsi,
874 4244 913 4318 hi
929 4265 1029 4321 suut:

116 4352 146 4423 l.
174 4350 380 4425 Sacerdotes
395 4374 472 4435 eos,
505 4351 569 4445 qui
589 4347 698 4421 hodie
714 4350 935 4421 matrimonii
956 4353 1107 4445 capistro

168 4478 230 4525 ora
246 4455 502 4545 praebuerunt,
527 4453 730 4523 tolerandos
747 4476 840 4536 esse,
873 4453 944 4539 ita,
969 4478 1015 4524 ne
1030 4467 1109 4546 post

166 4553 236 4626 hoc
259 4554 374 4624 simile
394 4554 526 4623 saciant
547 4553 626 4638 alii;
670 4554 803 4647 alioqui
831 4555 1108 4645 proscribantur.

169 4652 277 4746 Quod
293 4656 325 4724 si
340 4657 387 4724 ita
407 4667 477 4738 est,
510 4679 631 4725 nonnae
655 4678 778 4724 omnes
791 4679 872 4724 vere
888 4657 940 4748 pii
961 4657 1108 4729 summis

111 4757 115 4763 ’
167 4749 328 4850 suspiriis
352 4757 573 4837 clamabunt,
614 4757 686 4826 imo
718 4756 891 4825 dolebunt
914 4760 1108 4829 sacerdotes

168 4883 233 4932 vos
261 4856 480 4948 evangelicos
511 4857 619 4947 egisse
650 4882 725 4926 non
758 4856 948 4927 utilitatem
974 4854 1107 4932 Christi

168 4962 315 5056 eiusque
328 4958 564 5051 reipublicae,
590 4962 650 5029 sed
667 4958 880 5052 propriam?

635 5226 640 5234 ι

151 5252 181 5318 t>
201 5252 304 5322 Apogr.
320 5253 437 5316 inum,
456 5248 593 5305 mendose.
632 5250 664 5304 F.

111 5335 115 5345 '
151 5335 183 5399 2}
201 5332 377 5405 Propitiusn?
403 5332 436 5387 F.

1211 677 1280 737 tur.
1348 664 1390 736 si
1412 689 1495 754 ergo
1514 692 1586 738 una
1610 672 1740 762 species
1762 697 1837 742 non
1863 689 1913 745 est
1941 677 2071 749 damna

1213 789 1276 837 cur
1292 760 1461 838 hactenus
1477 782 1550 839 tam
1565 773 1691 842 acriter
1704 774 1938 863 digladiatum
1952 791 2016 863 est,
2045 802 2070 849 u

1210 867 1359 957 speciem
1378 893 1450 938 esse
1467 885 1590 942 contra
1604 873 1863 946 iustitutionem
1878 873 2028 965 Christi,
2054 904 2071 975 q

1213 968 1304 1037 illud
1328 997 1401 1040 non
1420 986 1508 1041 esset
1528 976 1792 1062 damnandum,
1834 980 1930 1071 quod
1963 981 2069 1051 aliter

1212 1067 1450 1162 queCluistus
1465 1074 1629 1161 instituit,
1655 1079 1889 1169 permittatur.
1944 1080 2071 1151 Velleu

1211 1193 1256 1259 go
1274 1178 1526 1262 argumentari:
1553 1202 1624 1247 una
1641 1184 1773 1269 species
1787 1181 1834 1248 ob
1852 1205 1972 1271 pacem
1990 1207 2071 1253 conc

1211 1287 1288 1357 tur,
1323 1297 1405 1365 ergo
1426 1277 1473 1343 ob
1501 1303 1620 1369 pacem
1637 1294 1762 1351 neutra
1781 1295 1895 1371 potest
1911 1284 2024 1367 sumi,
2057 1290 2071 1355 ι’

1212 1377 1478 1468 consequentia:
1516 1381 1599 1472 quia
1623 1394 1813 1476 utrumque
1836 1397 1887 1454 est
1909 1385 2071 1455 contrait

1211 1477 1385 1547 tutionem
1398 1473 1562 1566 Christi,
1586 1496 1658 1552 tam
1674 1486 1826 1576 quadrat
1842 1480 2070 1571 Christiano,

1212 1578 1327 1669 cipere
1345 1581 1599 1675 nrdlamquam
1614 1607 1742 1670 unam,
1775 1585 1860 1678 quia
1881 1599 2034 1681 utraque
2049 1588 2071 1661 ir

1210 1693 1285 1749 tuta
1304 1706 1324 1749 a
1340 1677 1507 1769 Christo,
1537 1708 1613 1752 non
1627 1710 1718 1765 una,
1744 1710 1818 1754 non
1834 1700 1972 1760 neutra.

1162 1775 1225 1848 Ill.
1252 1780 1363 1850 Missa
1386 1783 1453 1853 etsi
1473 1784 1684 1857 sacrificium
1709 1788 1754 1857 sit
1777 1789 2005 1874 memoriale,
2035 1791 2070 1861 ie

1212 1884 1298 1951 dum
1323 1897 1440 1953 tamen
1462 1909 1536 1955 esse
1559 1908 1747 1973 canonem,
1788 1903 1822 1959 et
1850 1890 1974 1959 verba:
2020 1916 2071 1960 on

1210 1978 1346 2070 hostia,
1372 1987 1601 2074 sacrificium,
1634 1992 1679 2059 de
1697 1989 1895 2059 memoriali
1911 1992 2071 2083 intellige

1211 2082 1311 2172 Quid
1331 2100 1435 2177 putas
1449 2090 1583 2158 cordati
1599 2116 1722 2160 omnes
1738 2090 1875 2175 dicent,
1910 2093 1940 2160 si
1962 2088 2052 2163 haec

1210 2185 1285 2257 tina
1311 2183 1501 2259 ldolatriae
1524 2192 1690 2262 maneat?
1728 2190 1868 2280 Quodsi
1890 2193 2041 2265 sacrifici
2060 2188 2071 2264 l

1210 2310 1333 2358 ansam
1349 2302 1402 2360 tot
1416 2292 1592 2361 malorum
1607 2294 1818 2379 servabunt,
1843 2296 1957 2378 facile,
1982 2296 2059 2366 imo

1208 2389 1265 2474 vi,
1285 2390 1416 2461 redibit
1432 2391 1638 2484 impostura,
1660 2416 1750 2489 quae
1767 2396 1838 2464 iam
1853 2396 1920 2465 toti
1934 2390 2071 2469 meando

1208 2493 1320 2560 multa
1337 2493 1453 2562 secula
1473 2508 1525 2563 est
1536 2496 1710 2587 imposita.
1762 2496 1860 2584 Quid
1877 2497 1972 2566 enim
1989 2500 2071 2569 sciet

1210 2593 1317 2661 sticus
1340 2594 1384 2662 de
1406 2594 1575 2665 sacrificio
1598 2599 1714 2690 typico
1729 2598 1868 2688 passivo
1891 2596 1926 2668 ἐι
1947 2622 2070 2690 reprae

1209 2693 1345 2763 tativo?
1370 2693 1510 2783 Quodsi
1525 2697 1573 2766 eis
1589 2698 1815 2790 permittatur
1829 2723 1964 2785 canon,
1990 2700 2071 2791 iden

1209 2808 1314 2888 atque
1332 2795 1361 2863 si
1377 2797 1502 2867 insano
1520 2800 1729 2869 concederes
1744 2799 1919 2889 gladium;
1947 2825 2071 2873 ansam

1208 2896 1280 2980 bet,
1305 2910 1345 2966 ut
1361 2921 1409 2983 se,
1427 2901 1571 2991 quanm
1586 2901 1683 2985 velit,
1708 2900 1890 2971 interimat
1903 2901 2064 2975 insanus.

1209 2995 1356 3066 sacrifici
1385 2994 1510 3070 habito
1540 3025 1676 3071 canone
1710 3026 1830 3071 ansam
1853 2997 1989 3075 habent
2013 3005 2071 3077 vito

1209 3099 1313 3168 randi
1328 3101 1489 3169 sacrificii
1508 3105 1663 3187 cruenti,
1697 3106 1841 3196 quando
1863 3104 1996 3174 volent,
2053 3104 2071 3193 (

1208 3213 1259 3269 est
1272 3200 1498 3292 interpretari
1514 3228 1686 3273 canonem
1701 3207 1745 3274 de
1759 3204 1930 3275 sacrificio
1944 3229 2071 3296 reprae

1209 3300 1338 3386 latino,
1370 3316 1538 3372 ettamen
1556 3330 1697 3375 nrauere
1713 3331 1751 3374 ea
1773 3306 1901 3390 verba,
1927 3331 2020 3399 quae
2035 3332 2071 3379 er

1208 3416 1313 3472 meunt
1326 3404 1535 3473 sacrificium
1550 3406 1669 3475 reale?
1690 3404 1773 3476 Non
1788 3419 1877 3495 esset
1887 3408 1962 3476 'alia
1978 3410 2070 3481 ratio

1208 3504 1358 3593 rogandi
1398 3505 1562 3590 canonis3
1605 3501 1690 3577 haec
1724 3523 1813 3579 esset
1843 3509 2071 3597 sufficientiae?

1207 3607 1304 3698 quod
1327 3630 1402 3674 non
1424 3606 1507 3679 licet
1528 3608 1661 3699 erigere
1682 3633 1817 3681 novum
1838 3610 1974 3679 cultum
1995 3612 2064 3683 dei·

1207 3708 1316 3777 verho
1332 3706 1402 3779 dei.

1159 3804 1257 3894 Quid
1271 3806 1401 3875 deiude
1416 3806 1558 3879 videtur
1570 3810 1637 3880 tibi
1651 3810 1699 3880 de
1712 3814 1888 3902 scandalo,
1916 3822 2014 3910 quod
2027 3844 2071 3907 ua

1157 3907 1280 3977 retur?
1304 3906 1433 3978 Nonne
1451 3934 1573 3979 omnes
1585 3907 1785 3982 Lutherani
1803 3929 1838 3986 et
1850 3914 2063 4011 Evangelici

1159 4010 1325 4092 mabunt,
1350 4033 1389 4079 ea
1408 4011 1478 4081 iam
1494 4012 1715 4098 labefactari,
1741 4040 1830 4108 quam
1846 4020 1947 4109 prius
1963 4024 2011 4093 ab
2026 4048 2071 4109 cp

1089 4164 1103 4179 .
1158 4110 1397 4199 antesignanis
1411 4126 1494 4182 sunt
1507 4113 1658 4183 tradita?
1680 4112 1778 4203 Quid
1798 4124 2071 4195 caconcordiaa

1040 4211 1043 4215 ’
1159 4212 1265 4294 esset,
1291 4236 1396 4304 quam
1411 4226 1515 4283 natae
1530 4214 1600 4284 iam
1619 4229 1654 4287 ct
1669 4216 1869 4307 divulgatae
1886 4221 1958 4293 luci
1973 4226 2071 4299 obdu

1158 4312 1315 4381 numm?
1352 4310 1457 4384 Dices
1480 4328 1620 4396 autem,
1652 4310 1738 4387 haec
1760 4320 1943 4393 toleranda
1964 4336 2071 4421 esse'p

1158 4413 1288 4483 studio.
1346 4412 1450 4486 Certe
1464 4413 1597 4487 Paulus
1613 4440 1686 4486 non
1701 4432 1773 4488 tam
1788 4425 1921 4495 amavit
1933 4450 2071 4519 pacem,

1158 4527 1191 4583 et
1205 4512 1331 4585 Titum
1345 4530 1377 4586 et
1393 4513 1624 4587 Timotheum
1648 4520 1930 4611 circumcideret3
1955 4526 2071 4603 'circus

1158 4616 1264 4684 debat
1292 4618 1441 4687 alterum
1467 4634 1611 4710 propter
1633 4620 1812 4706 infirmos,
1851 4627 2005 4699 alterum
2031 4656 2071 4705 uu

1158 4717 1273 4787 uoluit
1295 4717 1520 4804 circumcidi,
1552 4723 1649 4814 qnod
1672 4718 1740 4793 hoc
1760 4725 1798 4793 in
1815 4724 2071 4815 ignominiam!

1158 4820 1302 4889 tendere
1319 4820 1472 4890 videbat.
1534 4820 1585 4891 At
1600 4819 1762 4913 Papistae
1775 4829 1888 4898 nostri
1901 4854 1978 4900 non
1994 4846 2071 4907 sum

1156 4919 1273 5003 firmi,
1303 4923 1363 4991 sed
1386 4920 1649 5012 potius'coeci3
1689 4925 1892 4998 dimittendi
1918 4931 2071 5020 igiturr

1159 5018 1300 5108 Quodsi
1315 5046 1356 5091 ea
1372 5023 1560 5092 concordia
1577 5026 1756 5112 coalescet,
1773 5023 1841 5097 hoc
1854 5035 1966 5104 modo
1981 5060 2069 5109 non·

1158 5122 1221 5189 sed
1242 5144 1378 5193 summa
1409 5124 1619 5217 inquietudo
1651 5143 1832 5217 nascetur,
1870 5146 1904 5202 et
1927 5137 2071 5211 mutent

1159 5238 1347 5294 nascentur
1358 5224 1524 5317 pericula.
1576 5224 1736 5301 Primum
1751 5232 1878 5322 vulgus
1899 5259 1977 5307 nou
1991 5262 2071 5315 acce

1159 5324 1213 5393 lsit
1229 5348 1287 5409 ea,
1314 5352 1403 5420 quae
1420 5340 1542 5397 contra
1559 5328 1725 5414 verbum,
1748 5347 1851 5425 atque
1868 5338 1958 5409 adeo
1975 5364 2037 5429 ea,
2062 5372 2071 5415 ι
