4522 5760
1144 86 1153 119 l

105 196 212 281 '12⁶
713 192 1155 277 Eets'rottitmu
1202 193 1315 271 tto.
1346 194 1394 274 V.
1448 194 1582 275 tito.
2091 186 2170 275 ’110

132 396 202 445 nae
236 384 396 457 nonne,
420 372 530 465 idque
543 372 648 441 valde
663 368 796 446 civilite
815 371 1033 443 etmodeste.
1085 360 1129 437 ln
1180 392 1258 439 sare
1271 368 1393 439 mitius
1414 364 1522 439 babet
1540 370 1652 461 ipsius
1669 369 1761 446 aula.
1791 366 1938 465 Reliqui
1954 392 2171 443 omnesern-

136 496 179 545 ea
192 488 319 567 petunt
333 473 529 567 principes,
553 486 595 543 ut
609 472 719 543 amice
733 473 972 543 controversia
984 494 1131 561 compo·
1180 470 1359 541 delissime
1390 494 1457 541 nos
1489 474 1653 546 oderunt.
1720 469 1789 541 Fui
1821 467 1879 542 bis
1912 473 2039 543 diebus
2072 472 2170 563 apud

135 588 262 660 natur,
286 589 321 646 et
334 598 401 667 pax
417 574 664 648 constituatur.
714 571 855 662 Quodsi
869 596 951 643 vero
966 572 1131 642 adversa-
1181 567 1523 667 Saltzdrtrgenstm,
1549 573 1612 665 qui
1627 595 1685 643 me
1701 572 1794 642 bene
1812 572 1921 663 longa
1940 587 1975 643 et
1992 568 2170 645 rhetorica

134 676 185 747 rii
199 673 362 767 Papistae
379 679 502 746 cedere
516 676 651 760 nolint,
675 676 856 767 appellant
875 674 930 743 itti
952 673 1130 765 principes
1181 675 1513 745 commemoratione
1528 674 1698 745 cruciavit
1713 674 1876 744 omnium
1898 689 2081 759 motuum,
2105 674 2170 769 qui

135 776 253 847 nostri
274 779 321 846 ad
352 779 514 847 sutorum
539 776 742 849 concilium.
799 775 882 846 Non
909 778 1006 844 enim
1032 775 1131 855 libet,
1180 770 1238 845 his
1258 776 1363 845 annis
1382 777 1590 847 extiterunt:
1624 775 1794 845 adscribit
1815 775 1920 845 nobis
1938 776 2059 845 omnia
2082 770 2170 845 haec

135 890 179 949 ut
198 878 239 947 in
259 872 327 948 hac
346 900 449 949 cerasa
462 876 647 949 Caesarem
673 901 740 969 pro
765 878 882 947 iudice
902 877 1073 966 eligamus
1096 887 1130 946 et
1181 877 1423 962 incommoda,
1464 880 1616 949 addebat
1646 874 1838 968 Epilogum
1866 877 1972 969 plane
1998 876 2169 967 sanguine

136 1000 380 1069 agnoscamus.
429 977 793 1050 Coniiciuntaliialia
806 977 937 1053 lutura.
976 974 1068 1067 Ego,
1090 990 1131 1047 ut
1180 979 1361 1071 scriptum.

136 1080 296 1171 ingenue
314 1080 430 1150 dicam
446 1082 543 1173 quod
557 1080 691 1165 sentio,
715 1080 818 1151 video
835 1076 1048 1149 Ger-mamae
1063 1076 1131 1145 im-
1282 1076 1400 1150 Hodie
1414 1079 1582 1171 primum,
1597 1080 1692 1174 qraod
1709 1080 1794 1149 selis
1814 1095 1849 1152 et
1860 1083 2014 1151 faustum
2028 1082 2085 1167 sit,
2110 1106 2170 1151 ex·

135 1182 277 1251 minere
301 1203 454 1252 summas
477 1196 512 1250 et
535 1194 706 1253 extremas
726 1182 951 1253 calamitates.
1008 1177 1131 1249 Nostri
1180 1177 1401 1254 hibcbuntur
1433 1196 1574 1251 nostrae
1602 1180 1845 1251 Confessionis
1876 1183 2027 1256 articuli.
2076 1181 2169 1252 Nam

135 1280 318 1375 principes
331 1282 466 1353 suntin
484 1282 702 1354 consessione
715 1278 902 1373 Evangelii
919 1280 1132 1352 constantis·
1180 1278 1349 1353 hactenus
1366 1307 1470 1352 omne
1486 1297 1623 1374 tempos
1641 1296 1890 1373 consumptum
1908 1297 1959 1352 est
1980 1285 2018 1353 in
2040 1308 2170 1375 prooe-

135 1383 239 1468 simi,
266 1397 302 1453 et
323 1383 496 1475 proiecto,
529 1407 609 1453 cum
631 1396 765 1453 tantam
785 1385 943 1475 ipsorum
964 1396 1130 1451 constan·
1180 1384 1262 1452 miis
1284 1383 1312 1477 ²)
1340 1381 1546 1454 Conventus
1567 1385 1607 1453 in
1635 1384 1877 1477 propositione
1898 1397 1932 1454 et
1956 1410 2170 1455 commemo-

135 1486 224 1557 tiam
250 1486 457 1568 considero,
486 1486 619 1555 rubore
639 1484 828 1555 suffundor
850 1508 924 1555 non
948 1482 1131 1567 mediocri,
1180 1484 1317 1556 ratione
1331 1486 1505 1555 malorum
1522 1485 1760 1577 publicorum.
1806 1480 1953 1555 Romae
1966 1482 2170 1558 solutoBo-

136 1586 237 1683 quod
251 1609 319 1656 nos
333 1611 416 1678 prae
431 1585 504 1655 illis
518 1585 674 1655 mendici
690 1582 911 1657 Maiestatem
923 1582 1130 1655 Caesaream
1180 1582 1351 1655 nonicnsi
1374 1582 1564 1657 Conventu
1597 1588 1771 1681 quaedam
1803 1587 1899 1657 mula
1938 1590 2093 1681 peperit,
2134 1602 2170 1659 et

136 1688 302 1759 nondum
320 1688 426 1759 etiam
446 1687 559 1757 visam
582 1699 765 1779 tantopere
784 1698 931 1779 propter
944 1682 1130 1774 Evangelii
1180 1700 1300 1779 partus
1317 1680 1443 1759 habuit
1456 1691 1562 1781 pedes
1581 1689 1678 1778 gruis
1693 1684 1733 1784 ³).
1766 1688 1877 1779 Vides
1891 1689 2081 1780 significari
2095 1689 2170 1759 eri-

135 1788 395 1861 conlessionem
427 1782 719 1861 exhorrescimus.
785 1786 888 1858 Nosti
921 1788 965 1857 de
1000 1786 1130 1881 quihus
1179 1789 1270 1858 tium
1293 1780 1440 1860 Romae
1458 1814 1521 1881 per
1542 1786 1740 1865 schismata.
1790 1782 2063 1885 Landgravius
2085 1816 2170 1882 pro-

135 1890 280 1983 loquor.
332 1888 458 1960 Timeo
475 1904 612 1974 umen,
637 1914 682 1958 ne
704 1903 908 1959 nostrorum
931 1886 1128 1960 constantia
1180 1891 1241 1961 bat
1263 1906 1420 1961 nostram
1435 1886 1721 1977 Confessioncm‚
1746 1903 1781 1961 et
1802 1892 2019 1984 subscripsit
2068 1892 2171 1963 Mul-

136 1992 385 2085 episcoporum
406 1993 565 2085 adeoque
587 1990 696 2062 totius
720 1988 932 2060 Germaniae
955 1990 1002 2059 sit
1022 1991 1130 2058 deva·
1180 2005 1257 2061 tum
1279 1992 1461 2083 proficies,
1484 2005 1524 2061 ut
1539 2016 1661 2085 spero,
1685 1994 1714 2062 si
1729 1993 1800 2064 tuis
1814 1992 1927 2063 literis
1944 1994 2171 2064 confirmabis

136 2092 255 2165 statio.
307 2086 367 2162 Tu
380 2116 462 2164 cum
477 2092 643 2178 ecclesia,
663 2091 705 2175 ¹id
727 2092 823 2185 quod
846 2113 984 2183 semper
1004 2091 1130 2161 admo·
1180 2116 1262 2161 eum
1277 2089 1308 2188 ⁴)
1367 2087 1546 2162 Brentius
1568 2094 1745 2165 assidebat
1772 2090 1858 2163 lraec
1882 2095 2069 2183 scribenti,
2095 2120 2175 2165 rana

139 2216 223 2265 nere
236 2192 354 2277 soleo,
386 2194 576 2283 diligenter
594 2217 674 2279 ora,
706 2206 747 2263 ut
769 2191 934 2263 dominus
961 2216 1036 2261 non
1063 2214 1130 2261 no·
1172 2195 1393 2289 lacrymans:
1420 2194 1451 2263 is
1471 2194 1617 2264 iubebat
1638 2195 1704 2264 tibi
1729 2195 1857 2265 ascribi
1874 2197 2034 2271 salutem.
2080 2196 2170 2267 Vale

136 2306 390 2386 streperem,
415 2296 594 2365 sedsuam
609 2294 887 2364 misericordiam
908 2292 1072 2385 respiciat
1095 2304 1131 2362 et
1179 2293 1391 2369 felicissime.
1440 2292 1618 2366 Postridie
1638 2292 1801 2367 Ioannis
1813 2291 2012 2393 Baptistae

136 2395 305 2489 pietatem
331 2396 485 2477 adiuvet,
546 2394 635 2466 Vale
668 2420 749 2467 cum
781 2394 950 2465 omnibus
979 2394 1130 2464 fatribus
1309 2398 1312 2403 '

136 2496 272 2567 nostris
292 2520 382 2589 qaros
403 2496 592 2587 diligenter
615 2496 741 2569 saluto.
789 2492 839 2566 Et
860 2496 1014 2565 rescribe
1043 2494 1129 2588 quid

132 2598 325 2671 vobiscum
353 2612 487 2688 agatur.
537 2594 593 2667 Ex
617 2592 778 2687 Augusta
805 2596 845 2666 in
872 2598 931 2667 die
959 2591 1131 2667 Iohannis
1192 2624 1260 2699 No·
1277 2626 1365 2700 737·
2025 2640 2084 2706 25·
2100 2630 2170 2701 hm·

138 2696 331 2799 Baptistae.
356 2724 452 2770 anno
466 2696 583 2773 XXX.
1187 2722 1361 2753 Μ
2034 2730 2170 2761 w»

1491 2810 1594 2901 Vtro
1627 2814 1863 2901 (lbeodoro.

152 3050 322 3179 Q
602 3084 606 3093 .
978 3058 1035 3123 25·
1049 3052 1119 3118 Iun·
1250 3006 1430 3149 Eppzlcttlplilp
1442 3006 1528 3131 gig?
1541 3006 1604 3063 tit.
1648 3006 1760 3065 &ntuli
1773 3007 1962 3081 autographon
1977 3008 2005 3063 in
2025 2978 2168 3064 φὰψ.

956 3144 1128 3175 Μ

454 3238 589 3324 Mart.
620 3237 822 3323 Lutdtew.
1247 3230 1364 3313 Vito
1395 3230 1647 3308 Theodoro
1680 3232 1809 3335 apud
1830 3230 2110 3321 botherum,

1540 3336 1692 3410 amico
1715 3363 1818 3428 suo,

210 3381 312 3489 Manlii
324 3434 424 3503 lsmg.
436 3450 465 3503 p.
479 3432 541 3487 402.
558 3432 605 3485 ubi
618 3431 792 3487 inscribitura
810 3430 925 3487 cuidam
941 3429 1042 3485 amico.
1078 3430 1131 3484 lte·
1446 3484 1457 3501 ⁸
1585 3488 1594 3505 ,
1701 3489 1709 3506 ,
2001 3488 2010 3506 .

244 3502 461 3557 masreca
479 3500 800 3624 tii.ttt.epist.p3.·142.
819 3497 1065 3566 (caicamus.
1088 3517 1133 3571 ep.
1184 3465 1226 3558 S.
1251 3484 1297 3562 D.
1346 3481 1477 3555 Molos
1497 3488 1614 3557 modis
1637 3488 1848 3579 affligimur,
1879 3490 1932 3559 mi
1954 3484 2051 3564 Vite.
2102 3488 2173 3561 llic

245 3564 302 3641 ω’)
320 3599 353 3615 “
389 3568 611 3642 apognptonin
627 3570 689 3625 ωδ·
744 3568 847 3625 '’¹³¹'‘
871 3588 899 3641 Ρ·
912 3567 976 3627 ⁶³⁸·
1186 3586 1408 3661 consumitur
1447 3610 1553 3658 omne
1577 3583 1669 3658 mihi
1695 3604 1837 3683 tempus
1870 3592 1910 3660 in
1938 3592 2104 3685 lacrymis
2133 3614 2174 3661 ac

367 3726 402 3800 D
449 3722 670 3797 Mam-no
694 3719 907 3797 Luppmo
1186 3691 1296 3761 luctu.
1345 3686 1505 3757 Avobis
1528 3690 1632 3760 etiam
1653 3687 1748 3761 nibil
1767 3692 1957 3784 accipimus
1981 3692 2175 3777 literarum,

402 3782 413 3801 ⁰
1187 3814 1278 3885 quae
1294 3813 1360 3860 nos
1375 3791 1551 3861 consolari
1572 3778 1630 3861 v'el
1652 3796 1803 3863 maxime
1825 3807 1997 3887 poterant.
2048 3790 2097 3864 Et
2117 3817 2175 3863 re-

144 3856 245 3951 S·D.
295 3876 437 3948 Lllel'ae
453 3892 553 3965 illae,
580 3878 617 3947 in
635 3878 764 3973 qulbus
780 3879 823 3949 (le
846 3892 969 3950 n08i1⁸0
993 3878 1135 3947 Silenllss
1187 3894 1307 3963 {icitur
1323 3891 1361 3959 in
1380 3915 1446 3960 nos
1465 3894 1579 3985 culpa,
1629 3892 1723 3963 Vere
1746 3896 1919 3964 affirmare
1942 3918 2086 3988 possum
2109 3919 2176 3965 1103

144 3977 302 4075 tuereris
318 3972 375 4071 ⁹),
400 4003 528 4070 ffl²g¹¹⁰
551 4004 615 4049 ¹¹⁰⁸
639 3980 762 4049 <l⁰l⁰r⁸
785 3980 988 4052 affsscffllssl·
1039 3978 1137 4051 Scri·
1186 4018 1288 4086 saepe
1303 3991 1491 4083 scripsisse.
1543 3992 1614 4065 Sed
1631 3996 1748 4065 nescio
1763 3996 1826 4089 qui
1838 3996 1917 4082 fiat,
1951 4011 1990 4068 ut
2009 4021 2085 4066 non
2104 3998 2176 4085 siut

143 4084 280 4175 psimus
294 4082 390 4150 enim
411 4082 494 4151 satis
511 4082 651 4172 copiose
665 4079 816 4171 singulis
830 4080 1050 4172 septimanis:
1075 4082 1135 4149 sed
1188 4095 1342 4188 perlatae
1357 4095 1489 4164 literae.
1520 4092 1661 4185 Rogavi
1676 4112 1721 4183 te,
1745 4112 1785 4168 ut
1801 4092 1955 4168 horteris
1967 4093 2176 4179 Doctorem,

143 4182 264 4255 nescio
284 4206 356 4277 quo
376 4183 448 4253 sato
474 4184 613 4253 accedat
636 4176 705 4251 hoc
726 4182 861 4283 malum
886 4184 930 4253 ad
953 4182 1138 4251 acerbissi·
1188 4210 1229 4268 ue
1243 4196 1373 4287 scribat
1381 4186 1641 4289 Landgrapio,
1677 4193 1755 4270 010
1769 4212 1804 4270 ιθ
1818 4200 1924 4272 etiam
1938 4213 2043 4294 atque
2060 4200 2177 4285 etiam,

143 4282 218 4355 trias
235 4306 278 4353 ac
291 4283 507 4353 miserrimas
523 4307 640 4367 curas,
666 4283 704 4351 in
721 4282 851 4377 quibus
866 4278 925 4353 hic
947 4307 1139 4367 versamur,
1188 4322 1233 4368 ne
1262 4298 1402 4368 damas
1437 4321 1518 4367 eum
1547 4292 1695 4371 hortari,
1748 4300 1900 4373 videtur
1923 4327 1998 4373 rem
2020 4302 2177 4374 factum,

143 4398 181 4459 ut
195 4384 341 4477 eulpam
356 4380 562 4455 contrahere
577 4384 776 4456 iudicemur
792 4409 862 4480 quo
877 4385 996 4455 minus
1010 4386 1055 4455 ed
1071 4408 1138 4455 nos
1187 4400 1312 4471 utitem
1340 4398 1525 4469 universae
1554 4396 1732 4473 Ecclesiae
1756 4418 1791 4473 et
1818 4400 2064 4495 Reipublicae.
2122 4402 2177 4473 De

144 4486 291 4601 scribas.
463 4584 473 4601 .
514 4524 546 4559 .·
580 4583 589 4601 ⁸
1049 4585 1059 4604 .
1108 4586 1117 4605 ι
1189 4501 1320 4598 nostris
1330 4502 1455 4585 rebus,
1481 4515 1516 4570 et
1531 4503 1616 4595 quid
1632 4496 1690 4573 bic
1705 4506 1783 4585 liat,
1803 4506 2005 4598 scripsimus
2018 4504 2178 4589 Doctori,

245 4578 391 4658 Caesar
409 4598 491 4654 ⁸³⁰⁸
506 4584 659 4675 b⁰¹¹¹ti¹¹²
680 4584 807 4656 Salutii
823 4602 984 4659 1¹0⁵tf¹¹m
998 4586 1139 4657 Pflssffl·
1189 4602 1252 4697 qui
1267 4602 1334 4671 tibi
1348 4596 1442 4671 haud
1462 4603 1570 4672 dubie
1589 4606 1749 4677 ostendet
1765 4620 1904 4677 nostras
1920 4609 2052 4678 literas.
2105 4604 2178 4676 lta-

141 4696 239 4785 pem':
267 4713 308 4758 ar
324 4688 433 4757 velim
449 4685 603 4757 vicissim
621 4699 760 4756 nostros
769 4690 854 4780 ¹erga
870 4688 986 4782 ipsum
1001 4688 1137 4759 officio·
1189 4728 1258 4799 que
1274 4716 1429 4795 repetere
1444 4704 1556 4775 nolui,
1574 4712 1579 4721 ·
1605 4702 1688 4775 N0n
1707 4707 1803 4779 enim
1816 4711 1971 4779 mupum
1990 4703 2048 4775 hic
2073 4707 2178 4776 nobi,

143 4790 255 4863 ⁵3⁰l⁰⁸
271 4812 356 4862 ⁰³⁸⁶·
406 4784 459 4857 Ea
477 4789 521 4856 ‘³⁸
540 4786 727 4859 “minim
741 4790 915 4861 iunlmffl
935 4788 1137 4881 Principem
1189 4805 1256 4875 otii
1268 4818 1330 4875 est.
1380 4800 1469 4875 Vale
1482 4804 1642 4881 feliciter.
1692 4806 1870 4882 Postridie
1886 4807 2076 4900 Baptistae.

143 4906 309 4985 nostrum
330 4888 443 4959 literis
466 4889 674 4960 admoneres
686 4886 725 4987 ¹).
776 4886 914 4999 Nihil-t
932 4890 1029 4985 ipso”
1049 4888 1139 4963 Cae·
1545 4992 1549 4997 Ι
1931 4905 2126 4989 <mmm

176 5202 209 5269 'J
225 5198 289 5255 tot.
308 5196 474 5269 ep.1.utb'eri
494 5198 527 5255 ad
539 5198 608 5256 Mel.
628 5200 657 5255 d.
672 5200 699 5257 d.
715 5204 740 5257 5.
759 5202 817 5260 lon.
836 5204 907 5279 apud
929 5204 963 5261 de
976 5204 1076 5265 Wett.
1089 5174 1137 5265 lV.
1224 5199 1253 5265 2)
1275 5200 1405 5253 ‘wall‘
1420 5218 1444 5253 ⁶·
1458 5198 1491 5253 Β·

215 5288 245 5331 υ·
259 5269 307 5326 ⁸2·
1224 5282 1255 5352 8)
1273 5300 1330 5335 non
1342 5283 1439 5335 tatuit
1451 5285 1540 5351 pedes
1552 5284 1635 5337 unius
1650 5284 1762 5350 generis
1780 5299 1805 5339 c·
1822 5282 1854 5335 B.

179 5356 210 5422 ¹)
225 5356 388 5407 mm
408 5370 435 5406 θ’
447 5350 481 5407 Β·
1225 5370 1255 5436 4)
1272 5371 1429 5511 ’δάψαι
1444 5370 1585 5423 ὀοηιὺιιὶο
1602 5386 1628 5425 s.
1643 5368 1676 5421 B.
