4522 5760
597 160 1034 263 ue1sr0nsnuu
1082 161 1191 243 mn.
1218 162 1266 245 v.
1317 160 1451 243 esso.
1952 165 2031 241 sas

93 338 282 415 medendi
307 338 465 413 iavorm
491 335 611 435 petiit)
636 332 810 429 sumtu,
854 337 994 431 vesperi
1042 358 1151 431 quam
1168 334 1237 407 tihi
1256 335 1493 410 mitterentur.
1545 330 1638 405 Nam
1655 330 1812 407 Sabbata
1834 347 1914 426 post
1933 334 2030 407 Lau»

92 464 208 539 apum
229 434 356 535 portae
375 440 478 511 urbis
498 438 765 533 clauderentur,
799 436 891 509 elam
911 462 993 509 cum
1042 436 1150 508 rentii
1165 436 1281 507 nostri
1294 439 1341 508 ad
1363 436 1538 507 electieios
1561 434 1696 521 vocati,
1725 448 1768 511 ut
1788 436 1947 507 medium
1968 450 2030 507 aut

92 528 123 613 is
152 540 350 639 equitibus,
385 540 503 611 alieno
534 532 664 611 habitu
695 540 829 625 latens,
865 538 993 610 urben
1041 536 1308 633 viamaliquam
1322 536 1588 631 componendae
1612 537 1870 609 controversiae
1892 536 2031 607 indica-

92 666 141 715 ns
153 656 227 727 est,
257 642 443 735 ignorante
457 638 606 713 Caesare
622 652 659 713 et
672 633 768 711 nibil
786 640 856 713 tale
875 638 994 735 suspi—
1040 652 1137 726 rent,
1161 630 1232 711 hoc
1246 649 1527 733 proposuerunt,
1550 660 1588 707 se
1602 636 1739 709 nullam
1752 638 2029 710 commodiorem

92 768 115 816 ι.
181 738 290 815 Facto
331 755 450 815 autem
485 742 695 836 intempesta
728 752 833 813 nocte
863 734 993 813 Caesar
1040 740 1136 810 viam
1150 763 1274 825 nosse,
1296 764 1404 834 quam
1417 740 1449 811 si
1463 765 1506 811 ex
1519 752 1669 833 utraque
1682 750 1782 833 parte
1793 752 1926 831 septem
1942 740 2030 810 boni

94 842 151 915 tui
164 844 362 929 mandavit,
384 866 431 913 ne
445 866 659 937 quemquam
675 866 740 935 per
755 854 874 935 portas
890 840 992 913 urbis
1040 840 1112 911 viri
1127 842 1320 931 eligantur,
1345 842 1409 935 qui
1424 842 1469 911 de
1481 842 1589 913 rebus
1601 841 1835 931 controversis
1847 841 1942 911 inter
1954 863 2029 909 sose

105 944 281 1021 emittant.
338 940 454 1017 Aiunt
476 945 669 1039 tumultum
690 966 857 1033 maguum
883 942 991 1013 fuisse
1041 941 1284 1016 convenirent.
1340 938 1502 1014 Eleaticii
1525 941 1706 1034 petierunt
1731 955 1870 1035 tempus
1893 942 2029 1013 delibe-

92 1044 225 1120 ivitate.
288 1040 365 1133 Ego
399 1069 484 1115 vero
516 1068 641 1116 somno
674 1044 811 1135 sopitus
840 1043 990 1114 dulciter
1040 1043 1166 1129 randi,
1202 1042 1356 1113 necdum
1377 1045 1648 1137 respoudean
1706 1042 1778 1115 Sed
1801 1044 1948 1113 omnino
1973 1042 2028 1111 vi·

92 1146 233 1219 rechem.
296 1144 407 1215 Mane
434 1147 526 1217 iacto
557 1144 690 1219 muniit
715 1142 845 1222 Caesar
871 1157 990 1236 portas
1041 1143 1173 1215 dentur
1194 1142 1233 1213 in
1257 1136 1350 1213 bane
1374 1144 1469 1215 viam
1497 1142 1716 1219 consensuri.
1779 1138 1879 1217 Certi
1908 1156 2027 1214 autem

92 1246 198 1317 ssuis
218 1245 412 1332 militibus,
452 1246 675 1331 existimans,
698 1243 852 1317 Hessum
873 1238 991 1317 adbuc
1040 1238 1135 1314 nihil
1150 1243 1217 1315 tibi
1235 1243 1389 1315 scribere
1403 1245 1504 1333 licet,
1534 1245 1750 1339 usqueadeo
1769 1244 1936 1315 universa
1957 1245 2027 1314 alio

92 1362 142 1421 rto
162 1349 301 1432 edesse,
334 1361 371 1418 et
397 1346 604 1417 convocavit
635 1360 774 1417 nostros
802 1344 991 1440 principes,
1040 1356 1196 1437 spectare
1207 1344 1395 1431 videntur,
1426 1370 1533 1442 quam
1554 1370 1626 1441 quo
1647 1368 1714 1415 nos
1733 1360 1874 1419 nostrae
1896 1346 2029 1435 cogita-

92 1470 132 1519 us
148 1456 213 1539 per
229 1448 357 1539 impios
378 1449 549 1543 quosdam
571 1447 751 1542 principes
770 1446 990 1539 significavit,
1040 1446 1154 1517 dones
1169 1447 1316 1520 ducunt.
1367 1445 1511 1541 Siquid
1527 1446 1606 1517 beri
1618 1444 1727 1517 velim
1743 1472 1765 1519 a
1784 1446 1887 1517 vobis
1907 1444 1947 1517 in
1971 1472 2028 1517 ec·

92 1549 202 1619 anino
216 1548 318 1632 velle,
342 1562 383 1619 ut
397 1570 482 1619 suae
495 1549 704 1633 sententiae,
729 1571 837 1641 quarn
851 1548 890 1617 in
903 1571 990 1617 con·
1040 1546 1172 1631 alesia,¹
1195 1547 1256 1619 vel
1274 1570 1357 1638 erga
1377 1546 1568 1633 Senatum,
1598 1547 1656 1619 vel
1678 1570 1761 1639 erga
1782 1548 1922 1641 plebem
1944 1548 2027 1619 satis

91 1652 174 1721 ione
188 1648 426 1735 audivissent,
450 1649 684 1725 subscribant·
726 1648 767 1723 Si
780 1661 900 1720 autem
913 1672 989 1717 non
1040 1646 1264 1739 tempestive,
1288 1648 1437 1735 silicet,
1462 1647 1748 1725 vobisindicato.
1798 1646 1945 1721 Interim
1961 1674 2026 1741 pro

92 1764 129 1838 tl,
179 1772 251 1819 sese
287 1750 403 1820 sciant
430 1750 630 1843 pericnlum
662 1748 839 1843 corporis,
880 1748 989 1819 ditio-
1039 1772 1139 1829 more
1155 1748 1389 1834 consolamini
1406 1749 1586 1831 infirmos,
1608 1752 1804 1821 contortae
1822 1750 2027 1835 imbecilles,

93 1906 106 1939 ,
134 1838 361 1935 subditor'um
378 1864 415 1921 et
427 1846 620 1923 haeredum
635 1872 782 1921 auorum
798 1848 989 1921 subituros.
1036 1860 1078 1921 ut
1100 1846 1300 1933 insaniente
1321 1844 1506 1923 Pharaone
1530 1872 1607 1921 nou
1632 1851 1802 1923 motinus
1829 1852 2027 1943 desperent,

91 1952 142 2025 lsi
164 1949 407 2037 subscribant,
444 1944 630 2022 habituros
656 1974 730 2021 esse
758 1949 989 2020 clementissi·
1036 1961 1178 2045 genten
1201 1947 1311 2025 lsrad
1337 1950 1554 2043 perituram,
1589 1952 1652 2023 sed
1681 1951 1812 2045 sciant,
1854 1950 1954 2023 illam
1982 1974 2025 2021 eo

91 2080 99 2123 ι
125 2048 325 2127 Caesarem.
388 2050 460 2124 Sed
488 2046 557 2123 hae
583 2052 702 2123 minae
727 2064 867 2123 metros
894 2044 989 2121 nihil
1036 2049 1149 2143 magig
1162 2047 1412 2143 multiplicari,
1436 2076 1507 2149 quo
1522 2052 1605 2147 plus
1616 2050 1840 2145 opprimitur.

91 2164 286 2239 noverunt3
308 2165 468 2245 perstant
482 2152 522 2223 in
534 2152 726 2239 sententia,
756 2175 823 2223 nee
836 2152 894 2221 vel
908 2164 989 2223 tan·
1135 2146 1190 2223 lle
1206 2176 1317 2227 uxore
1332 2152 1493 2225 ducenda
1510 2176 1607 2223 uune
1620 2154 1726 2247 plane
1741 2152 1862 2225 nullus
1882 2154 2026 2225 relictus

91 2254 316 2327 oncedune
366 2250 540 2345 lntelligis
555 2276 669 2339 nuuc,
694 2276 759 2323 eur
772 2264 895 2347 portae
906 2276 989 2323 mu·
1036 2264 1088 2323 est
1101 2250 1283 2343 cogitandi
1299 2252 1409 2329 locus.
1459 2251 1590 2323 Vivere
1604 2254 1665 2325 vir
1678 2254 1776 2341 licet,
1810 2256 1904 2325 etde
1919 2256 2026 2325 rebus

91 2352 268 2453 uiuerint?
297 2354 382 2449 quia
396 2336 556 2440 volebat,
585 2368 626 2425 ut
640 2352 757 2439 aiunt,
776 2349 906 2429 Cacsar
920 2376 989 2423 no·
1034 2352 1168 2425 uxoriis
1187 2352 1341 2443 cogitare
1353 2352 1504 2425 liberet?
1552 2350 1634 2425 lluc
1647 2354 1799 2442 accedit,
1831 2356 2024 2449 quodcum

112 2453 284 2525 violentia
306 2456 353 2523 ad
371 2476 471 2527 suam
496 2454 706 2525 seutentiam
728 2476 863 2545 cogere.
915 2450 987 2525 Sed
1035 2476 1099 2543 ego
1114 2477 1196 2523 eum
1208 2446 1388 2551 Phiiippo
1403 2478 1518 2547 nuper
1536 2453 1711 2545 legatione
1732 2457 1960 2546 fungeremur
1978 2460 2024 2527 ad

100 2555 310 2627 violentiam
323 2554 442 2625 abitus
455 2546 701 2649 landgravii
712 2554 919 2649 interrupit,
953 2566 988 2626 et
1034 2550 1261 2625 Cardinalem
1272 2550 1480 2628 Romanum
1495 2544 1756 2652 Campegiam,
1798 2570 1834 2627 et
1856 2556 1890 2626 is
1912 2557 2024 2628 inter-

91 2657 221 2731 rsarios
238 2668 380 2726 nostros
399 2656 658 2727 tractabiliores
679 2656 847 2731 reddidit.
894 2652 988 2727 Nam
1034 2667 1209 2747 rogasset,
1233 2679 1321 2727 num
1334 2670 1503 2729 uxoratus
1519 2679 1641 2743 essem,
1664 2670 1853 2751 negantem
1869 2682 1926 2729 me
1938 2682 2022 2749 per-

107 2756 235 2851 μυοίη
263 2768 343 2849 post
375 2750 476 2827 boris
505 2758 698 2829 resciscunt
721 2754 987 2847 landgraviam
1034 2750 1257 2845 humaniter,
1287 2770 1330 2829 ut
1346 2756 1463 2829 solent
1482 2752 1584 2845 Itali,
1616 2756 1841 2837 collaudarit.
1888 2754 2024 2831 Existi·

91 2852 182 2941 m,
214 2870 412 2933 convorant
442 2856 572 2929 iterum
603 2852 785 2933 aaaron
820 2854 878 2929 lbi
909 2868 987 2929 tam
1033 2880 1127 2943 mas,
1150 2852 1428 2931 mcbuiusmodi
1441 2855 1608 2930 laudibus
1620 2882 1697 2929 uon
1710 2858 1874 2931 titillari?
1922 2856 2023 2949 Qua-

91 2982 129 3033 rr
140 2970 280 3031 merset
293 2958 514 3033 munimenta
529 2972 713 3052 portarum
730 2958 850 3044 urbis,
881 2970 916 3029 et
928 2980 988 3027 re-
1033 2970 1196 3133 propter,
1237 2958 1326 3053 quid
1348 2958 1478 3031 viduae
1502 2957 1558 3029 illi
1580 2954 1673 3029 mihi
1696 2974 1791 3031 certe
1815 2960 1862 3031 oh
1880 2984 2021 3032 morum

91 3082 235 3147 cauum
254 3060 294 3129 in
313 3060 508 3130 tumultum
535 3062 732 3155 quendam,
770 3082 843 3154 quo
872 3056 987 3151 priori
1060 3070 1253 3129 onestatem
1265 3081 1404 3151 semper
1417 3059 1634 3147 carissimae,
1657 3060 1702 3130 de
1715 3082 1785 3155 qua
1799 3060 1942 3147 scribis,
1964 3086 2022 3131 re-

91 3160 210 3231 ceisus
225 3160 342 3229 inerat
355 3156 537 3252 fflspanus
559 3162 724 3255 quidam,
754 3158 891 3251 egregie
911 3157 987 3229 dis-
1033 3158 1199 3253 sponsuri
1221 3158 1315 3245 sitis,
1347 3184 1413 3232 vos
1432 3160 1600 3247 videatis,
1634 3160 1841 3252 praesertim
1860 3161 1892 3230 si
1912 3162 2022 3233 naun

91 3256 189 3347 laus,
227 3284 267 3331 se
292 3262 340 3331 ad
366 3258 442 3329 vim
464 3260 686 3331 inferendam
710 3258 844 3331 nostris
865 3272 986 3353 portas
1032 3284 1112 3330 sum
1134 3258 1326 3335 reditums.
1384 3259 1457 3334 Sed
1480 3254 1568 3333 haec
1594 3259 1788 3357 aliquando
1811 3282 1950 3349 coram,
1988 3262 2027 3335 si

90 3358 212 3447 ivise,
235 3372 271 3431 et
283 3372 402 3453 rogat,
429 3362 679 3457 nequisquam
691 3360 906 3431 reiniectaa
921 3382 986 3431 eo-
1014 3359 1315 3437 domiuusvolet.
1365 3356 1502 3434 Omina
1514 3359 1688 3433 nimirum
1700 3360 1805 3457 plena
1820 3374 1918 3449 sunt,
1937 3364 2021 3459 qui-

90 3460 303 3543 sdisredat,
333 3472 369 3531 et
390 3462 636 3557 uuusquisque
653 3462 699 3533 ad
722 3460 986 3553 componendas
1032 3460 1103 3533 bus
1130 3474 1249 3533 tamen
1281 3462 1499 3555 praevalebit
1527 3456 1703 3537 Christus.
1762 3460 1853 3535 Vale
1880 3464 2022 3537 iterum.

90 3560 256 3635 orans
273 3560 406 3632 auxilia
426 3584 490 3633 sua
511 3564 680 3639 coalent.
729 3560 777 3635 se
798 3560 892 3633 nulli
909 3560 986 3631 vin
1013 3559 1219 3661 {Dominica
1233 3560 1291 3631 die
1303 3574 1385 3655 post
1396 3560 1583 3637 Laurentii
1594 3586 1691 3637 auru
1705 3560 1827 3640 XXX.

90 3686 193 3739 mn.
244 3660 408 3733 lunum
420 3662 575 3755 primum
590 3660 852 3735 controversiae
872 3660 985 3733 ecele-
1014 3667 1017 3673 '

90 3786 156 3837 ne
180 3762 329 3835 tractari·
345 3762 542 3855 iucipiuut,
581 3788 647 3858 per
666 3764 844 3835 eiecticiae
874 3784 987 3857 quos-

90 3862 202 3959 ..υυί
231 3886 314 3945 eum
339 3866 472 3935 nostris
501 3888 578 3935 rem
603 3886 817 3959 componere
840 3862 983 3937 debent.
1036 3890 1107 3967 No·
1121 3890 1209 3969 842,
1846 3902 1904 3970 η.
1919 3898 2006 3985 Q

90 3964 330 4057 seliasperat,
350 3963 442 4035 alius
453 3964 647 4039 aliatimet.
696 3958 984 4059 Egouihilboni
1035 3986 1208 4019 Μ
1838 3990 2010 4023 Μ

90 4058 264 4139 fflflffl
281 4086 426 4185 Ppsstftffl
446 4088 489 4135 0¹
508 4060 565 4185 ¹¹³}
586 4066 758 4185 sonuistis,
788 4064 843 4137 tea
860 4063 982 4183 ⁰¹⁰3&
1162 4074 1329 4187 Legati
1357 4068 1537 4161 Noriah.
1567 4070 1633 4159 ad
1658 4068 1884 4164 Senatum

90 4178 152 4252 tnr
171 4174 270 4251 astu,
302 4166 445 4236 rusrdus
465 4176 502 4235 et
520 4166 703 4243 nolentia.
766 4162 985 4237 Germanus
1014 4252 1017 4257 Ι

95 4266 216 4351 adest,
236 4264 307 4335 nisi
320 4261 418 4335 Deus
431 4290 472 4337 ex
484 4266 556 4337 alto
573 4268 678 4339 rebus
694 4266 825 4338 nostris
841 4264 988 4359 prospi-
1014 4322 1018 4333 .
1095 4256 1116 4321 i
1133 4250 1172 4309 Β*
1182 4250 1260 4309 ³⁶¹⁹
1272 4248 1485 4323 ΜΨ
1501 4268 1531 4323 l·
1545 4252 1605 4311 ¹⁸⁹·

90 4360 452 4539 monissimrlfum
478 4366 661 4485 ‘⁶⁶¹²⁵¹³’.
676 4380 734 4452 ω’
770 4366 803 4486 ⁸³.
822 4366 980 4485 .⁰¹¹¹¹¹¹¹¹⁰
1013 4444 1017 4449 ·
1052 4404 1526 4507 herrassurgstateiiter
1547 4410 1627 4484 sat
1646 4408 1763 4506 dte-tp
1785 4408 1991 4503 guenta.

165 4490 281 4561 perire
298 4491 342 4535 ve
358 4479 400 4551 st,
431 4466 555 4538 saltem
570 4489 636 4537 nos
649 4490 689 4536 ιιι
703 4467 903 4559 perditione
916 4490 982 4560 per
1464 4506 1486 4581 b
1495 4526 1536 4583 e,
1544 4529 1577 4604 g·
1612 4550 1615 4555 ¹

90 4578 179 4641 dum
200 4566 294 4637 etin
312 4562 457 4638 Christo
480 4578 601 4637 nostro
624 4567 825 4638 servemini.
879 4564 981 4655 Vale,

90 4678 213 4765 ogerus
228 4662 331 4740 vtlt
344 4666 403 4737 die
418 4664 570 4757 Augusti
583 4691 678 4738 anno
693 4664 815 4747 xxx,
947 4746 952 4755 ,
1014 4698 1079 4763 1-
1100 4696 1155 4713 ···
1173 4694 1230 4715 ··
1252 4636 1349 4740 ffsslt
1364 4654 1459 4753 illota
1473 4654 1515 4731 G.
1529 4658 1585 4735 ffl-
1598 4678 1637 4751 gu
1651 4658 1775 4751 tollito,
1803 4662 1866 4755 hui
1881 4670 1945 4737 uui
1958 4666 2012 4738 het

93 4766 220 4843 Saluta
231 4768 356 4839 iratres
367 4782 508 4839 nostros
523 4791 595 4838 uua
610 4793 692 4839 cum
705 4766 876 4839 uxoribus
896 4766 981 4838 illo-
1013 4756 1186 4855 abablium
1207 4754 1269 4851 auf
1284 4757 1332 4831 tie
1345 4754 1520 4853 butun
1535 4758 1647 4849 uestri
1662 4759 1802 4855 uddpllttt
1818 4762 2011 4855 &bratteas

99 4880 137 4954 qe
158 4882 239 4952 usa,
270 4882 309 4941 es
328 4868 453 4947 iubeto,
468 4868 559 4946 ittae
572 4870 664 4947 beor
687 4890 846 4961 sperare,
881 4870 980 4963 quod
1013 4862 1074 4935 'bei
1087 4870 1140 4935 ou
1154 4856 1235 4947 itali
1248 4861 1364 4952 getben
1378 4861 1544 4934 nisurum
1559 4860 1735 4957 ιηῐοηυιτιι,
1769 4866 1832 4936 ant
1847 4865 1939 4957 baad)
1953 4870 2011 4939 ten

89 4967 334 5041 inusirrideat
343 4970 537 5049 tumultum
551 4970 710 5061 gentium
724 4984 760 5043 et
777 4968 980 5063 principum
1012 4958 1234 5063 ΙΕῐμιῐῗιὶτῐὶῑιὶ
1253 4975 1322 5033 teu·
1334 4956 1573 5055 sstatthtuhtttg
1599 4966 1688 5037 aneu
1709 4962 1898 5055 nuntiatica
1921 4966 2013 5043 ilar·

89 5068 225 5143 saeculi
241 5072 407 5141 adversus
419 5064 601 5141 Christum
616 5071 704 5145 eius.
1026 5074 1100 5157 trag
1117 5064 1197 5153 tituta
1212 5060 1306 5151 Iass'tn
1314 5108 1326 5146 ,
1356 5060 1449 5135 hetin
1467 5081 1545 5135 taust
1565 5070 1630 5137 aad
1646 5066 1703 5139 tu
1715 5062 1833 5159 Qasr
1846 5066 1907 5163 atti
1919 5072 2010 5161 ualet

94 5168 191 5251 Cum
203 5164 272 5241 bae
286 5170 409 5243 literae
422 5171 560 5265 aliquot
572 5170 698 5241 diebus
713 5169 863 5262 scriptae
882 5192 979 5239 nun-
1013 5161 1141 5243 'estun
1154 5162 1240 5253 tuabi
1252 5162 1443 5253 tumidi-auh
1456 5159 1734 5257 bauusgsssrithta
1747 5164 1813 5256 het.
1832 5208 1886 5231 -.
1896 5212 1947 5231 ...
1957 5216 2008 5233 ..

106 5284 363 5367 apertasseat,
398 5272 497 5351 aliud
519 5273 664 5351 undem
683 5270 828 5361 accidit,
857 5269 978 5365 prius-
1012 5268 1095 5369 ,aa
1116 5263 1217 5361 babes
1242 5262 1361 5359 batavi
1377 5264 1446 5339 sm
1461 5262 1774 5361 Zutldai‘grllem,
1797 5266 2010 5369 marboge,
