4522 5760
34 246 113 327 sss
606 234 1039 321 nrrsronannn
1093 232 1203 320 ιιι.
1236 224 1339 324 vn·
1372 240 1506 319 raas,
1996 218 2073 326 'ssa'
2188 320 2203 349 ,

35 418 245 515 opiniones,
269 417 367 511 coegi
383 413 450 489 hos
465 417 563 489 locos
577 416 618 487 in
639 410 909 511 compendium,
926 402 1030 489 'bono
1082 416 1236 505 ditione,
1260 410 1336 487 nnn
1348 396 1436 489 satis¹
1445 418 1594 491 idoneos
1609 418 1742 505 ess'ead
1757 412 2002 513 exponendam
2015 444 2075 493 re-

24 522 178 605 ‚studio'3
195 534 238 613 et
253 534 427 619 quantum
444 520 548 613 potul
570 520 654 591 dedi
675 543 840 612 operam,
868 532 909 591 nt
931 520 1032 590 ordi·
1082 516 1227 615 ligionip
1244 518 1460 605 doctrinam,
1482 524 1517 591 et'
1531 520 1571 591 in
1591 520 1773 616 plerisque¹
1791 520 1879 617 locis
1900 510 2074 619 quaedam

36 644 122 697 netu
139 624 342 695 etviam'ad
356 618 557 715 docendum
569 618 870 715 accommodatim,
882 614 1031 713 adhibe-
1083 644 1125 689 ex
1149 620 1228 691 aliis
1246 618 1359 689 literis
1373 616 1592 713 'assumenda
1613 636 1716 707 sunt,
1749 614 1932 703 interilum
1953 614 2074 711 conie-

36 740 152 811 rona,¹
173 718 411 821 meque-in¹³)
434 720 511 817 ipsa
530 718 690 809 methodi
716 716 813 814 septa
835 716 1033 819 'diligenter²
1082 724 1407 817 tendae'quaedam
1425 723 1626 807 sententiae
1646 708 1829 819 religionis
1852 712 2073 827 cum'sshilb-

36 826 184 899 holusis
230 826 338 917 Quod
354 814 554 924 ulfaci'ahi',
584 824 650 923 etsi
662 810 768 895 latiam
782 818 917 915 ingenii
930 822 1032 895 inlir-
1081 818 1208 915 sophia
1215 846 1227 911 3
1260 818 1396 897 'tamen
1411 824 1505 897 utin
1521 823 1743 921 aliisrehus,
1774 825 1831 917 ita}
1848 814 2073 943 bid-[quomis

37 930 145 1021 nahas
158 952 216 997 me
230 928 338 1017 cogit,
360 941 484 997 tamen
494 922 784 1023 habeo'aliqoam
796 920 937 995 consilii
959 924 1031 995 mei
1082 926 1209 995 modus
1225 924 1442 1014 gratissimus
1457 920 1519 995 esti
1550 920 1821 1023 Adiuremuffl)
1835 914 1974 1003 ab'alri's
1986 918 2073 1007 arti-

36 1026 226 1101 ntlonem.
258 1024 495 1121 ¹Quanquam·
505 1026 602 1097 enim
622 1040 706 1097 sunt
726 1024 893 1095 nonnulli
918 1025 1031 1095 excel·
1083 1024 1149 1097 bus
1164 1020 1274 1095 inhia
1290 1026 1376 1119 ipsis
1393 1026 1499 1097 rebus
1521 1025 1762 1113 illustrandis,
1792 1027 1833 1109 in
1857 1020 2074 1099 instituenda

36 1132 198 1204 lentibus
214 1130 367 1221 ingeniis
381 1122 659 1223 praediti,qni,
681 1128 780 1199 velut
791 1120 955 1197 Phidias
966 1127 1032 1195 tri-
1083 1126 1308 1213 oeconomia,
1340 1150 1418 1213 seu,
1449 1140 1491 1201 ut
1520 1127 1569 1197 ita
1594 1118 1743 1215 dicam,'
1760 1127 1800 1203 in
1826 1118 2074 1225 ipsaqaedilicii

37 1232 122 1303 buit
148 1232 272 1303 statuis
297 1224 375 1301 non'
396 1230 512 1301 solum
533 1244 651 1327 aptam
675 1222 897 1323 harmoniam
919 1224 1033 1297 mem-
1082 1228 1196 1299 sonna
1212 1228 1433 1301 delineanda.
1482 1226 1576 1325 Nam
1598 1228 1736 1301 indocti
1756 1252 1803 1299 ne
1824 1228 2074 1325 possuntqui-

36 1328 208 1417 bibrum,
246 1334 310 1403 sed
330 1324 435 1403 etiaim
458 1328 667 1423 dignitatem
687 1328 732 1402 et
747 1330 1031 1425 amplitudinem,
1084 1331 1166 1399 dem
1179 1354 1236 1399 res
1250 1326 1431 1401 intricatas
1445 1342 1523 1423 apte
1538 1328 1781 1417 distribuere„
1798 1330 1859 1403 sed
1881 1353 1982 1421 saepe
2004 1330 2074 1399 mi-

36 1422 140 1507 itast
153 1434 223 1527 ipsi
234 1434 284 1503 'acl
298 1429 512 1505 methodum·
528 1420 728 1529 adiungunt
750 1431 975 1525 splendorem
998 1444 1032 1501 et
1084 1444 1182 1500 scent
1209 1455 1284 1501 non
1309 1426 1551 1514 cohaerentia,
1583 1444 1645 1503 aut
1664 1432 1847 1529 ¹divellunt
1868 1424 2072 1531 coniuncta3

36 1528 164 1607 lamen
178 1528 368 1619 untionis,
393 1534 439 1604 ad
452 1534 699 1619 illustrandam
715 1538 836 1603 rerum
853 1530 1033 1623 magnitu-
1084 1556 1149 1601 nec
1162 1554 1300 1624 semper
1312 1532 1452 1619 vident,
1480 1530 1568 1626 qnid
1590 1530 1698 1615 sitin
1719 1528 1979 1619 controversia,
2010 1532 2073 1601 ubi

37 1626 313 1723 illitem't'amen
322 1630 408 1705 haec
420 1630 592 1705 foelicitas
600 1658 857 1727 perpaucorum
865 1648 926 1705 est.
954 1628 1032 1721 Ego
1084 1632 1348 1723 confligendum
1364 1632 1419 1708 sit.
1453 1629 1512 1704 Ad
1527 1626 1615 1703 haec
1625 1632 1786 1726 plerique
1800 1632 1871 1703 loci
1886 1624 2074 1705 collatione

37 1736 123 1807 mbo
137 1756 196 1807 me
209 1738 299 1831 pede
314 1736 462 1822 metior,
485 1758 526 1807 ac
546 1738 631 1807 satis
655 1758 807 1827 agnosco
830 1758 908 1819 me,
938 1733 1033 1803 divi·
1083 1728 1336 1825 Philosophiae
1350 1734 1441 1804 fiunt
1453 1734 1675 1827 illustriores.
1718 1732 1842 1829 Neque
1854 1747 1971 1803 tamen
1987 1757 2074 1807 con·

37 1838 241 1909 nantillam
253 1830 587 1933 Phidiaeforpnam
605 1852 711 1932 atque
730 1836 845 1906 ideam
869 1836 1033 1925 effingere
1083 1834 1266 1906 fundenda
1285 1848 1369 1927 suut
1390 1836 1521 1906 artium
1542 1858 1689 1927 genera,
1723 1858 1799 1905 non
1817 1836 2001 1907 obruenda
2022 1846 2075 1907 est
2118 1906 2125 1919 ,

35 1948 119 2011 sion
133 1962 257 2033 posse,
279 1964 319 2009 ac
332 1938 435 2011 facile
450 1936 569 2031 patior
585 1950 642 2008 me
660 1940 754 2009 inter
773 1928 1035 2031 κοροπλάθους
1084 1934 1246 2008 doctrina
1259 1930 1462 2007 Christiana
1487 1935 1614 2006 alienis
1629 1928 1945 2029 disputationibus.
1974 2018 1978 2029 Ι
1994 1930 2073 2027 Ego

37 2052 77 2113 et
95 2034 326 2111 'rltinutornm
352 2032 501 2135 operum
518 2038 653 2131 figulos
676 2038 874 2127 numerari,
924 2059 1033 2130 quare
1086 2032 1210 2124 eliam,
1243 2060 1289 2108 ne
1304 2036 1479 2129 prolixior
1493 2060 1623 2127 essem,
1651 2034 1811 2129 paicius,
1841 2036 2073 2130 qnamlicuit,

35 2130 221 2239 maiolli)
235 2152 319 2211 cura
334 2156 374 2211 ac'
391 2132 509 2211 studio
517 2130 578 2210 illa
587 2140 673 2211 aitis
683 2139 827 2229 vestigia
842 2152 1033 2209 consector.
1085 2136 1239 2207 delibavi
1248 2140 1421 2233 quaedam
1430 2161 1472 2209 ex
1482 2132 1607 2234 aliis¹⁸)
1620 2137 1747 2223 literis,
1765 2134 1901 2225 Paulus
1910 2130 1989 2215 vult
2002 2161 2072 2219 eos,

37 2238 126 2331 Scio
135 2234 270 2325 inultos
285 2240 374 2311 alios
386 2230 719 2341 magis“)'delectari
727 2238 849 2308 liberis
859 2234 1035 2323 declama·
1085 2238 1148 2333 qui
1177 2241 1324 2311 tradunt
1353 2239 1553 2311 doctrinam
1579 2239 1781 2331 religionis,
1811 2262 1885 2309 esse
1907 2228 2073 2313 didone-

35 2332 822 2433 dontius,'ethssmgdniasmectmtisugere.
845 2336 1034 2433 Sedpleri-
1064 2334 1192 2437 ποὺς,
1225 2340 1323 2435 quod
1342 2342 1498 2433 profecto
1522 2334 1627 2419 nemo
1647 2330 1825 2435 praoet'are
1843 2354 1960 2433 potest
1972 2332 2073 2413 rudis

38 2444 212 2543 quedtlm‘
224 2444 295 2515 sibi
309 2436 508 2534 indulgent,
527 2436 972 2537 *saepeaseopodeerrant;
997 2452 1033 2511 et
1084 2442 1235 2512 aliarum
1263 2442 1459 2517 literarum.
1516 2438 1641 2537 ltaque
1667 2443 1731 2513 etsi
1751 2459 1838 2516 sunt
1858 2441 1947 2513 aliae
1966 2465 2074 2536 ¹prae-

36 2546 132 2617 dtttn
143 2544 256 2635 inulta
271 2560 366 2617 extra
382 2536 539 2639 censitam
550 2552 683 2639 iraagna
692 2566 782 2615 voce
794 2554 934 2631 sonant,
956 2564 1035 2613 ma·
1084 2544 1274 2637 stantiores
1282 2544 1449 2629 virtutes,
1481 2542 1612 2635 pietas,
1643 2566 1729 2615 usus
1746 2544 1859 2629 vitae,
1886 2545 2073 2637 experien-

37 2654 166 2743 stdque
180 2646 302 2733 'tota',''
319 2638 417 2741 riihil
445 2646 539 2717 certi
551 2636 718 2718 lectorem
739 2646 877 2716 docent.
923 2640 1033 2713 ¹Illam
1085 2644 1134 2714 tia
1163 2642 1394 2715 certaminum
1426 2644 1684 2736 spiritualium,
1713 2645 1920 2738 prudentia3
1954 2636 2073 2723 tamen

37 2734 139 2819 νεὼ·
155 2744 338 2819 licentiam
358 2740 571 2821 Academico
591 2752 691 2819 mor'e
718 2743 925 2839 disputandi
957 2748 1034 2813 ma·
1085 2744 1309 2839 impudentes
1321 2760 1406 2817 sunt
1420 2740 1461 2815 hi
1475 2770 1634 2843 quoque,
1654 2746 1719 2840 qui
1732 2770 1814 2817 cnm
1836 2770 1873 2815 se
1895 2747 2074 2839 interpre-

37 2844 243 2947 xlttte·'o¹di,
262 2848 266 2855 '
282 2872 390 2949 qnam
419 2848 489 2919 sibi
519 2846 874 2945 sumunt'nonuulli,
913 2844 1035 2939 quiet
1085 2859 1138 2917 tes
1157 2846 1338 2919 doctrinae
1357 2842 1581 2919 Christianae
1602 2872 1676 2919 esse
1706 2848 1959 2941 profiteantur,
1997 2872 2074 2918 non

38 2942 278 3023 rddtet'iadlta
293 2950 338 3020 ab
354 2950 432 3021 aliis
445 2942 663 3023 calumniose
675 2940 870 3041 depravant
883 2971 924 3017 ac
934 2970 1035 3017 cver-
1085 2950 1172 3019 dant
1186 2972 1341 3041 operam,
1364 2961 1406 3019 ut
1416 2950 1612 3041 adiungant
1624 2950 1809 3021 liberalem
1826 2948 2074 3037 eruditionem,

39 3042 158 3137 filit,
173 3050 307 3123 essina
325 3052 420 3141 lege,
440 3044 534 3121 ''sine
551 3040 716 3137 delectu,
746 3040 826 3119 sine
847 3048 1035 3119 autoritate
1085 3073 1175 3142 quae
1191 3074 1266 3119 nou
1283 3051 1399 3145 solum
1423 3064 1634 3121 ornamento
1641 3042 1683 3147 ¹⁹)
1704 3063 1756 3123 est
1769 3046 1949 3121 Ecclesiae
1964 3044 2072 3121 Chri-

39 3146 180 3241 socri,
198 3148 375 3247 quidquid
389 3152 488 3233 libet,
507 3144 645 3225 'dicunt
677 3148 785 3240 Quod
803 3152 847 3221 de
863 3142 1036 3219 Tantalo
1086 3148 1239 3236 stianae,
1264 3152 1327 3221 sed
1341 3151 1478 3245 aliquid
1492 3152 1561 3245 ipsi
1573 3152 1754 3223 doctrinae
1773 3151 1862 3221 lucis
1877 3152 1988 3222 addit.

11 3255 83 3327 -in
134 3252 166 3327 ic·
176 3244 397 3353 Euripides:
430 3244 639 3331 ἇκὸλᾶστον
651 3246 736 3345 inge
745 3254 941 3351 γλῶσσαν,
976 3250 1035 3323 nl·
1184 3248 1239 3324 Ac
1252 3252 1358 3345 plane
1375 3254 1503 3345 dignos
1522 3253 1606 3325 odio
1629 3276 1701 3323 esse
1722 3276 1846 3323 censeo
1861 3246 2073 3349 Anabapls‘-

41 3276 203 3450 aggone
221 3348 370 3441 νόσω),Ι
384 3356 541 3451 proiecto
553 3356 603 3437 'iu
628 3350 793 3443 theologo
810 3351 1035 3453 turpissimus
1084 3360 1185 3439 stas,
1206 3367 1241 3427 et
1255 3352 1287 3423 si
1303 3354 1368 3447 qni
1380 3354 1513 3424 similes
1528 3368 1627 3441 suut,
1653 3355 1717 3448 qui
1728 3354 1945 3427 ineruditam
1959 3372 2088 3448 quan-·

40 3456 275 3533 estmorbus
300 3452 443 3547 ling'uae
458 3448 675 3550 petulantia.
732 3453 940 3525 Meminisse
967 3476 1034 3523 nos
1085 3455 1183 3549 dam·
1197 3468 1231 3525 et
1256 3456 1478 3527 barbaricam
1500 3446 1715 3547 tlreologiam
1735 3455 1776 3524 in
1796 3452 1993 3527 Ecclesiam
2015 3456 2073 3525 in-

41 3556 163 3645 decet,
193 3578 265 3655 qno
286 3558 326 3628 in
347 3552 486 3629 theat'ro
504 3562 704 3643 ve'rs'emur3
747 3555 902 3627 indidem
923 3548 1035 3643 habe-
1084 3550 1419 3643 vehereconantur,
1443 3560 1706 3629 etrontendunt
1721 3557 1831 3628 nullis
1851 3557 1965 3627 literis
1983 3578 2073 3649 opus

41 3654 345 3745 nus'chrts'tum·,⁵
362 3652 573 3755 spectatores
583 3655 759 3755 Angelos,
783 3656 1035 3741 auditores-in·
1085 3678 1170 3732 esse.
1217 3654 1339 3755 Quare
1357 3660 1477 3729 omnia
1495 3660 1640 3731 confuse
1653 3660 1729 3729 sine
1744 3672 1819 3731 arte
1833 3659 1969 3745 dicunt,
1988 3656 2074 3727 nul-

41 3752 185 3846 nimos,
209 3746 490 3865 quorum'ah'imi
503 3744 605 3861 iiicile
620 3758 839 3851 sauciantur,
972 3746 976 3757 ’
1008 3836 1011 3845 ,
1085 3758 1157 3829 lam
1171 3752 1343 3831 adhihent
1357 3760 1578 3855 antiquitatis
1593 3762 1778 3844 notitiam,
1809 3761 1947 3831 nullam
1964 3760 2073 3829 colla·

69 3858 233 3959 'siden'
250 3874 285 3932 et
297 3852 565 3953 religionem'ac
583 3852 713 3947 iidem,
737 3852 845 3953 quam
865 3856 1035 3929 debemus
1085 3858 1220 3929 tionem
1235 3884 1277 3931 ex
1292 3860 1371 3931 aliis
1387 3862 1597 3955 disciplinis.
1631 3858 1751 3958 Atque
1766 3856 1807 3931 hi
1822 3884 1925 3931 suum
1939 3855 2075 3931 habent

42 3962 158 4035 rullus
176 3960 302 4050 sacris,
329 3954 515 4055 praestare
528 3950 648 4059 studui
655 3984 666 4051 ;
699 3974 734 4059 et
754 3986 800 4030 ne
820 3984 877 4029 res
899 3960 1035 4053 alioqui
1086 3954 1281 4048 theatrum3
1319 3964 1447 4053 vulgus
1476 3964 1572 4033 enim
1600 3964 1685 4059 qnia
1707 3977 1834 4034 natura
1864 3962 1941 4032 odit
1972 3974 2075 4047 artes,

43 4064 228 4137 iuntcans
245 4064 356 4155 magis
373 4062 479 4136 etiam
500 4056 739 4147 involverem,
777 4057 927 4132 adlnbui
950 4084 1036 4153 pro-
1086 4064 1215 4153 gaudet
1239 4086 1360 4135 earum
1393 4065 1601 4155 dignitatem
1632 4064 1775 4145 elevari.
1829 4060 1966 4133 Verum
1988 4058 2074 4133 haec

43 4158 232 4259 prietatem
246 4168 286 4236 in
301 4152 520 4259 explicando,
542 4152 762 4259 quantam¹⁸)
773 4163 887 4257 potui.
925 4159 1037 4251 Eam-
1084 4165 1266 4257 persuasio
1291 4188 1366 4236 non
1386 4166 1514 4257 solum¹
1528 4165 1639 4237 officit
1667 4165 1793 4237 studiis
1822 4164 2008 4235 literarum
2040 4174 2077 4233 et

44 4288 117 4362 que
140 4268 188 4365 qn
210 4290 368 4338 caussam
390 4267 532 4339 usitatis¹
556 4267 594 4355 in
617 4252 777 4367 Ecclesia
804 4254 930 4339 ilerhis,
950 4285 1035 4333 usus
1087 4260 1186 4335 civili
1215 4265 1325 4357 vitae,
1364 4288 1470 4359 φιιιιι
1502 4280 1647 4337 tuentur
1678 4281 1832 4338 caeterae
1863 4280 1975 4351 artes,
2012 4262 2076 4334 sed

44 4361 161 4463 sthll,'
178 4370 412 4441 et'interdum
431 4354 605 4461 af's'cholis'
630 4360 739 4437 v'erba
760 4366 935 4458 quaedam
955 4388 1037 4433 mu-
1087 4366 1193 4436 etiam
1219 4380 1324 4453 nocet
1343 4368 1520 4459 religioni.
1570 4366 1661 4437 Nam
1686 4366 1839 4439 eruditio
1860 4390 1936 4437 non
1957 4364 2091 4437 solutu'

44 4464 286 4563 tutius'snm,
326 4456 418 4565 quae
442 4466 527 4542 sunt
548 4468 782 4561 condonanda
803 4466 1035 4557 temporibus.
1086 4462 1155 4537 hoc
1170 4469 1315 4538 nomine
1329 4472 1484 4562 prodest,
1508 4470 1605 4563 quod
1619 4468 1871 4555 acuitiudicia,
1895 4468 1990 4562 quod
2005 4468 2076 4537 ¹do-

44 4564 235 4643 Co'ietethm
250 4570 333 4665 dedi
349 4574 511 4665 operam„
534 4562 704 4669 nl'se'rmo
718 4554 810 4637 essct'
818 4565 1035 4665 perspicuus.
1087 4566 1244 4665 cendi²⁰)
1258 4571 1412 4641 formam
1422 4584 1607 4655 monstrat,
1619 4570 1680 4639 sed
1694 4570 1859 4641 conducit
1875 4569 1982 4644 etiam
1996 4592 2088 4638 mo-·

43 4660 320 4744 Non'aldmiscni
333 4658 535 4767 peregrih'a‘i
549 4666 818 4765 disputationes.
847 4662 926 4738 Etsi
940 4668 1036 4737 enirn
1086 4668 1197 4741 ribus.
1236 4668 1328 4739 Nam
1343 4683 1384 4740 ut
1399 4673 1549 4765 quisque
1562 4671 1820 4743 eruditissimus
1835 4684 1906 4755 est,
1928 4671 1978 4741 ita
1991 4668 2075 4739 dili-

43 4774 248 4861 instituo,
272 4796 331 4847 eos
345 4774 496 4871 quinon
509 4786 594 4851 sunt
610 4771 779 4843 lustrico·
795 4770 937 4840 liberali
953 4780 1036 4840 eru'-
1087 4768 1291 4861 gentissime
1318 4774 1601 4863 magnitudinem
1631 4797 1750 4842 rerum
1777 4772 1897 4841 auimo
1919 4770 2077 4855 metitur,

117 4866 128 4873 ’
227 4918 232 4927 ·
1086 4872 1183 4964 quod
1200 4895 1321 4943 curam
1343 4888 1377 4947 et
1396 4872 1671 4946 sollicitudinem
1687 4884 1779 4943 recte
1795 4872 1947 4943 docendi
1962 4883 2077 4961 auget.

80 5086 127 5157 ts)
145 5086 230 5143 Peuc.
245 5088 274 5142 in
288 5086 335 5140 lib.
348 5086 372 5139 1.
388 5084 465 5153 fitam
478 5083 626 5147 Loudimte
643 5086 731 5138 cntra.
1286 5144 1295 5161 ·
1342 5144 1349 5161 ·
1600 5144 1608 5161 ,
1836 5088 1839 5093 ·
2018 5108 2021 5113 -

81 5176 129 5245 ιι)
146 5174 199 5231 ua.
218 5176 344 5239 romum
363 5168 434 5225 Met.
455 5170 543 5225 vnn.
558 5170 634 5247 rasa.
649 5167 818 5245 perorarem
838 5166 1034 5241 camena.
1123 5143 2015 5245 1⁷)laento-1·ramunculus-nomm

115 5251 167 5299 rat.
180 5243 258 5298 1536.
272 5252 299 5296 et
310 5238 397 5296 Sslin.
411 5239 495 5299 suev.
506 5234 596 5313 1539.)
609 5240 726 5295 musore.
1123 5234 1166 5302 18)
1185 5234 1250 5287 alais
1262 5230 1361 5287 ercsdit
1371 5248 1414 5302 sp.
1425 5228 1511 5288 Penc-

80 5326 129 5387 tat
147 5328 243 5394 magis
255 5324 354 5380 excidit
366 5340 410 5399 sp.
424 5324 509 5383 Peue.
553 5320 556 5327 '
1124 5316 1168 5383 19)
1186 5316 1270 5371 Peuc.
1285 5322 1501 5370 ornammtnm.

81 5412 131 5481 16)
150 5410 235 5466 Peuc.
248 5418 395 5481 quantun.
1121 5405 1168 5476 20)
1187 5401 1272 5456 Penc.
1285 5399 1314 5456 in
1328 5398 1377 5458 lib.
1389 5399 1413 5458 l·
1427 5398 1505 5471 (item
1516 5398 1664 5469 baudinis
1679 5400 1793 5455 vivendi
1801 5419 1851 5475 pro
1864 5405 1989 5459 rocenat.

1181 5472 1285 5547 69*
