4522 5760
1 175 2 180 '
89 219 183 303 ,ω
662 200 1096 293 nersronanun,
1153 203 1565 287 amartetes.
1864 180 1877 191 '
2068 212 2147 295 sea

110 394 212 470 mene
232 391 311 481 ipsa,
326 408 390 467 sua
409 384 488 453 luce
509 378 622 459 ceruit
638 374 730 447 hanc
744 377 1023 469 propositionem
1037 400 1100 447 ve-
1252 375 1359 466 Quod
1374 403 1459 448 vero
1473 379 1601 450 studiis
1614 393 1649 449 et
1662 381 1708 450 ad
1721 380 1952 452 formandum
1972 383 2140 457 iudicium
2178 416 2184 481 p

110 523 206 585 pam,
238 504 368 562 certam
388 499 422 555 et
436 485 617 552 immotam
634 504 724 549 esse:
757 479 820 550 Bis
843 493 996 572 quatuor
1018 491 1101 549 sunt
1152 479 1264 569 prosit
1291 481 1482 570 inspexisse
1513 475 1578 551 has
1608 483 1851 552 Aristotelicas
1886 485 2140 576 disputationes
2178 484 2184 545 ³-

111 615 207 674 0ct0:
235 594 283 663 sic
297 613 399 672 vera,
424 597 517 657 certa
534 596 568 653 et
582 582 728 659 immota
745 596 795 651 est
809 577 895 650 haec
911 581 1098 651 sententia:
1152 580 1236 649 inde
1259 582 1646 674 animadverti-potest,
1674 586 1772 676 quod
1793 584 1934 655 necesse
1952 586 2140 660 estinEc-
2178 604 2182 629 ³

112 695 339 781 Adulterium
360 704 412 760 cst
433 702 535 777 turpe
558 698 593 755 et
616 686 812 754 vitandum.
864 678 918 753 Ac
939 683 1100 753 delente
1152 683 1256 751 clesia
1277 683 1460 775 perspicue
1475 685 1629 754 discerni
1642 680 1914 778 Philosophiam
1931 702 1967 758 et
1980 685 2141 779 Evange-
2176 666 2179 725 l

112 784 148 878 et
164 794 375 873 certitudine
390 789 590 872 doctrinae,
622 800 656 856 et
677 788 908 856 desertarum
926 784 1101 859 diiudica-
1152 784 1258 859 lium.¹
1301 780 1353 855 At
1377 810 1455 857 nen
1470 799 1638 878 poterunt
1664 787 1855 857 discrimen
1882 790 2064 861 illustrare
2092 788 2138 873 hi,

112 910 226 986 tione,
253 920 355 989 saepe
370 895 411 962 in
425 888 482 960 his
500 889 759 959 commentariis
775 888 916 959 dicitur.
1057 956 1060 961 ,
1152 887 1215 979 qui
1247 908 1321 957 non
1354 888 1558 959 didicerunt
1588 900 1779 981 utrumqne
1811 892 1999 961 doctrinae
2024 914 2140 983 genus.
2179 898 2185 981 ξ

212 1002 317 1073 Nunc
349 1020 432 1065 vero
466 1006 499 1062 et
527 992 570 1059 de
606 991 757 1061 utilitate
788 989 943 1058 breviter
975 987 1100 1058 dicam.
1151 986 1340 1079 Propterea
1365 1013 1466 1080 saepe
1489 1015 1561 1059 non
1584 992 1690 1059 modo
1714 992 1752 1059 in
1773 992 1871 1075 forn,
1901 994 1964 1063 sed
1978 994 2139 1081 etiamin
2179 1000 2185 1040 ³

112 1109 252 1184 Scimus
276 1100 392 1171 Deum
423 1096 514 1164 velle
544 1116 654 1183 genus
683 1088 888 1161 humanum·
913 1088 1100 1178 disciplina
1150 1086 1308 1158 Ecclesia
1333 1091 1524 1161 dicendum
1549 1105 1600 1160 est
1621 1094 1665 1160 de
1687 1093 1806 1185 aliqua
1828 1092 1934 1183 Legis
1957 1111 2077 1186 parte,
2100 1098 2141 1177 de
2179 1075 2185 1103 ³

112 1207 303 1283 domestica
320 1215 354 1270 et
369 1198 483 1281 civili,
513 1195 649 1284 legibus
672 1207 706 1263 et
729 1192 983 1284 suppliciorum
1003 1203 1101 1258 metu
1151 1190 1325 1265 virtutum
1363 1188 1524 1262 civilium
1562 1193 1830 1264 delinitionibus
1867 1209 1929 1265 aut
1964 1188 2147 1267 membris·
2179 1176 2186 1240 l

112 1313 207 1403 regi,
247 1320 287 1377 ut
316 1302 427 1371 multa
459 1299 552 1368 dicta
582 1296 743 1369 coelestia
767 1306 950 1365 testantur.
990 1288 1101 1385 ¹Cum
1151 1290 1375 1363 Hincautem
1391 1295 1587 1384 exemplum
1602 1290 1760 1365 methodi
1782 1297 1873 1366 sumi
1894 1310 2031 1389 potest,
2066 1322 2140 1369 cum
2180 1300 2186 1343 ¹

77 1432 86 1445 ·
111 1417 221 1506 igitur
241 1405 429 1477 consilium
452 1397 521 1470 Dei
544 1422 618 1466 non
641 1398 686 1466 sit
706 1419 851 1488 prorsus
872 1394 1017 1474 inutile,
1046 1393 1102 1461 fa-
1152 1395 1232 1463 talis
1245 1396 1390 1464 materia
1407 1396 1613 1487 explicanda
1629 1400 1691 1466 cst.
2181 1401 2186 1427 ¹

111 1517 260 1589 tendum
278 1521 344 1590 cst,
367 1502 503 1596 aliquid
518 1500 635 1569 valere
653 1495 743 1568 hanc
760 1496 976 1578 doctrinam,
1011 1517 1100 1587 quae
1251 1495 1402 1588 Propter
1430 1492 1494 1567 has
1523 1498 1694 1567 utilitates
1717 1495 1920 1568 Aristotelis
1945 1496 2078 1572 Ethica
2106 1503 2146 1575 ir.
2182 1504 2186 1531 ²

111 1614 320 1707 disciplinae
343 1629 421 1698 pars
447 1617 513 1686 est,
554 1616 588 1673 et
614 1602 693 1671 sons
718 1595 945 1671 honestarum
971 1597 1100 1684 legum.
1152 1597 1318 1669 manibus
1334 1594 1630 1669 scholasticorum
1647 1601 1781 1670 versari
1797 1603 1965 1690 prodest,
2000 1626 2090 1696 quae
2105 1618 2142 1677 ut
2183 1605 2186 1643 ³

111 1720 195 1791 Non
226 1716 273 1784 sit
295 1723 412 1781 autem
437 1720 562 1775 natura
587 1705 767 1781 distorta,¹
796 1704 852 1771 cui
879 1698 1101 1791 proponitur,
1152 1723 1172 1767 a
1200 1700 1407 1771 rudioribus
1442 1715 1478 1773 et
1506 1701 1692 1794 tyronibus
1720 1700 1859 1771 facilius
1887 1704 2141 1795 intelligantur,
2183 1710 2186 1714 ⁴

112 1839 147 1892 et
170 1821 265 1887 vivat
288 1837 361 1881 non
378 1807 567 1902 Cyclopico
590 1828 689 1873 more
713 1804 789 1872 sine
807 1804 928 1885 freno,
953 1801 1031 1881 sine
1047 1799 1102 1867 le-
1152 1802 1399 1872 annotationes
1414 1803 1546 1872 alicubi
1560 1804 1604 1872 ad
1620 1815 1755 1872 textum
1767 1804 1807 1871 in
1825 1804 1928 1874 libris
1946 1807 2142 1899 praecipuit
2184 1810 2187 1833 ³

112 1947 207 2013 grim,
232 1915 446 2003 religionum
463 1923 497 1978 et
512 1903 699 1977 hominum
715 1904 922 1983 reverentia,
947 1903 1007 1970 sed
1021 1924 1102 1968 ver·
1153 1903 1281 1987 adieci,
1322 1927 1413 1995 quae
1434 1917 1469 1973 et
1491 1903 1587 1994 ipsae
1610 1904 1790 1987 interdum
1820 1910 2012 1979 ostendent
2041 1932 2140 1979 usum
2184 1914 2187 1919 ’

112 2040 208 2095 setur
223 2021 316 2088 inter
330 2011 496 2083 homines
511 2008 630 2079 civilia
645 2008 758 2077 officia
774 2006 945 2088 colentes,
976 2001 1113 2071 invitet·
1152 1998 1285 2075 harum·
1304 2005 1465 2075 tenuium
1486 2006 1780 2097 disputationum.
1830 2003 1917 2079 Ideo
1935 1999 2140 2084 eutem'ln·

113 2122 280 2214 exemplis
301 2113 477 2197 honestis,
513 2123 646 2181 metuat
673 2129 822 2200 poenas,
861 2105 1031 2177 adsueliat
1057 2103 1102 2172 ad
1152 2106 1265 2177 tinam
1296 2107 1494 2178 versionem
1525 2108 1663 2179 nullam
1694 2109 1839 2194 addidi,
1883 2115 1983 2205 quod
2022 2116 2145 2187 malim

112 2227 252 2300 civilem
275 2221 365 2289 vitae
387 2213 691 2285 consuetudinem.
749 2207 828 2281 Etsi
856 2221 974 2278 autem
1002 2228 1103 2311 saepe
1154 2204 1309 2279 Graecos
1322 2209 1437 2279 sontes
1451 2209 1538 2327 legi,
1563 2216 1709 2301 propter
1723 2212 1853 2281 multas
1871 2234 2008 2290 causae
2055 2216 2141 2289 Natu

111 2341 255 2424 propter
277 2336 422 2392 naturae
442 2314 719 2385 imbecillitatem
745 2311 978 2403 cupiditatum
1000 2307 1103 2375 flam-
1154 2323 1189 2379 et
1202 2310 1328 2381 nativa.
1342 2324 1515 2389 sententia
1535 2311 1674 2381 facilius
1693 2314 1861 2402 ,cognosci
1882 2327 2000 2404 potest
2021 2320 2069 2391 ab
2092 2319 2142 2407 iis,

111 2455 191 2502 me
206 2429 370 2507 vincunt,
402 2442 504 2509 saepe
521 2415 685 2485 diabolus
699 2414 851 2505 impellit
867 2411 1025 2494 animos,
1057 2432 1103 2477 ne
1153 2411 1284 2504 quibus
1298 2407 1435 2481 Graeca
1449 2413 1553 2482 lectio
1566 2413 1607 2482 lit
1620 2414 1824 2498 familiaris,
1854 2429 1892 2485 et
1912 2417 1980 2511 qui
2001 2442 2077 2491 nen
2095 2434 2142 2493 te.

113 2526 207 2605 rc'cto
228 2524 361 2599 iudicio
384 2523 642 2610 obtemperent:
676 2529 794 2585 tamen
814 2513 950 2606 aliquid
973 2512 1011 2580 in
1032 2510 1111 2579 vita.
1153 2527 1242 2585 nent
1256 2513 1411 2583 nativam
1430 2514 1659 2599 sententiam,
1688 2516 1757 2607 ipsi
1778 2516 1848 2587 sibi
1870 2543 2009 2591 novum
2034 2523 2142 2595 etdi„

113 2629 293 2706 communi
316 2624 385 2695 loci
408 2636 458 2692 est
481 2619 705 2710 disciplinae,
738 2641 777 2687 ac
795 2617 922 2686 eddam
940 2612 1103 2703 amplius,
1153 2615 1270 2686 lutum
1283 2610 1537 2706 Philosophiae
1552 2636 1663 2705 genus
1678 2617 1831 2707 lingunt,
1861 2642 1901 2689 ac
1915 2622 2069 2695 miscent
2084 2624 2142 2695 ab·

110 2736 308 2829 plurimum
320 2726 438 2795 valere
452 2721 672 2811 diligentiam
689 2732 723 2789 et
736 2714 830 2801 hauc
845 2717 955 2808 ipsam
970 2713 1104 2783 doctri·
1153 2718 1279 2787 surdas
1294 2717 1484 2787 sententiae
1497 2732 1532 2790 et
1544 2714 1807 2790 abhorrentesa
1822 2722 1917 2791 sanie
1942 2723 2090 2797 indiciis·
2101 2722 2141 2797 iu

114 2861 199 2907 narn
221 2832 385 2910 adfirmo,
417 2846 499 2917 cum
520 2823 692 2892 accedunt
714 2819 847 2910 agnitio
870 2829 906 2889 et
925 2815 1103 2885 invocatio
1153 2814 1221 2889 hac
1235 2821 1418 2889 communi
1433 2820 1517 2890 vita.
2084 2828 2087 2835 '

112 2938 200 3011 Filii
222 2932 301 3005 Dei.
359 2927 434 2997 Hic'
453 2949 536 2995 vero
561 2946 688 3013 genera
711 2922 892 2993 doctrinae
912 2931 1005 2988 recte
1030 2917 1105 2986 dis-
1249 2916 1301 2991 Ut
1321 2934 1440 2991 autem
1459 2945 1627 3011 magnum
1649 2937 1903 2997 ornamentum
1919 2940 1978 2997 est
1995 2940 2031 2999 et
2055 2928 2143 3007 vitae
2185 2936 2188 2957 ¹

113 3038 290 3111 cernenda
314 3044 413 3113 sunt,
445 3027 549 3117 Legis
570 3025 773 3115 disciplina,
807 3035 844 3093 et
858 3018 1104 3110 Evangelium,
1155 3015 1332 3099 humanae
1369 3036 1406 3092 et
1428 3019 1607 3094 Ecclesiae
1636 3018 1889 3117 Philosophia,
1929 3052 2014 3099 cum
2045 3038 2142 3111 recte,

113 3167 182 3236 qua
207 3143 250 3207 de
271 3161 308 3205 re
333 3156 434 3222 saepe
460 3131 546 3199 alias
568 3118 779 3198 dictumest.
829 3123 902 3194 Nec
917 3115 1105 3192 raromihi
1155 3124 1309 3208 erudite,
1334 3125 1452 3195 sobrie
1467 3127 1694 3196 atmoderate
1710 3128 1878 3198 traditur:
1904 3130 1957 3201 ita
1973 3130 2144 3222 pestieest
2186 3138 2188 3143 ’

114 3246 153 3313 in
170 3253 325 3312 mentem
347 3233 462 3312 venit,
495 3254 576 3307 cum
601 3230 644 3297 de
660 3227 763 3316 Legis
785 3225 937 3295 utilitate
961 3223 1105 3306 dicitur,
1156 3238 1190 3295 et
1218 3227 1417 3316 corruptela
1448 3213 1685 3312 iudiciorum,
1721 3252 1888 3321 cumpro
1911 3228 2149 3327 Philosophia.

113 3343 294 3432 imaginis,
333 3361 422 3430 quae
454 3333 492 3402 in
516 3328 729 3417 Evangelica
754 3323 901 3397 historia
927 3337 1036 3394 exstat
1060 3325 1106 3391 de
1155 3325 1349 3399 instillatur
1367 3328 1496 3396 animis
1513 3328 1673 3399 confusio
1691 3330 1904 3421 opinionum
1926 3356 2097 3407 verarum
2115 3350 2144 3409 et

115 3448 321 3539 Sycomoro.
373 3434 555 3524 Significat
578 3431 673 3499 enim
697 3428 909 3522 Sycomorus
932 3425 1103 3516 populum
1155 3429 1344 3511 falsarumc
1382 3442 1417 3498 et
1441 3431 1630 3500 accersitur
1653 3432 1811 3501 studium
1838 3435 1997 3506 absurda
2026 3438 2144 3509 defen·

115 3546 230 3635 Legis.
290 3536 380 3608 Eius
403 3552 518 3606 autem
540 3531 676 3601 arboris
697 3532 831 3599 fructus
853 3552 928 3595 non
950 3538 1105 3596 mature·
1156 3529 1264 3598 dendi
1281 3530 1470 3599 verborum
1484 3531 1699 3621 praestigiis3
1725 3532 2144 3629 utualiiEpiruraensiu-

114 3661 234 3729 scunt,
260 3642 331 3711 nisi
345 3642 438 3707 ferro
456 3635 671 3723 scalpantur,
691 3643 728 3699 et
742 3631 859 3698 oleum
876 3630 1104 3712 infundatur3
1155 3654 1271 3715 rores,
1295 3631 1359 3699 alii
1374 3630 1492 3702 Stoica
1507 3634 1756 3719 deliramenta,
1785 3637 1847 3705 alii
1862 3638 1952 3707 alias
1966 3652 2145 3731 portento

116 3755 240 3829 idest,
262 3743 365 3831 Legis
383 3736 544 3810 doctrina
569 3735 616 3804 ita
641 3733 783 3824 prodest
806 3730 1044 3812 auditoribus,
1075 3728 1105 3796 si
1157 3754 1210 3800 sas
1232 3732 1420 3823 opiniones
1444 3737 1534 3803 tueri
1555 3751 1741 3808 conantur.
1802 3736 1902 3807 Talis
1927 3742 2144 3815 consuetude

115 3856 346 3940 castigentur,
368 3857 402 3912 et
419 3855 536 3910 tannen
550 3838 647 3918 oleo,
670 3834 705 3902 id
723 3847 789 3916 est,
803 3829 1005 3922 ‘Evangelia
1020 3853 1105 3899 con·
1156 3833 1251 3921 parit
1263 3830 1524 3927 Sycophantes,
1550 3837 1678 3905 artium
1702 3851 1737 3907 et
1760 3839 2145 3917 vitae-conturbatores.

117 3963 346 4045 spargantur,
386 3945 515 4023 idest,
548 3939 578 4006 si
599 3937 766 4005 accedant
787 3935 919 4024 agnitio
942 3947 978 4003 et
1000 3932 1105 4000 invo-
1156 3931 1322 4004 Delectus
1335 3931 1545 4009 adhiheatur
1560 3938 1792 4029 opinionum,
1817 3952 1961 4011 etcum
1984 3970 2071 4017 vera
2090 3949 2145 4019 de·

118 4055 208 4124 catio
231 4046 375 4119 Christi.
433 4041 525 4111 Cum
548 4038 696 4128 legimns
719 4037 756 4105 in
777 4036 955 4105 mentibus
977 4033 1106 4104 nostris
1156 4029 1331 4129 prehensa
1344 4051 1438 4121 sunt,
1455 4040 1584 4108 modus
1597 4040 1644 4108 sit
1658 4040 1952 4132 disputationum.
1992 4045 2039 4117 ln
2054 4047 2145 4121 omni

117 4152 310 4224 sententias
327 4173 346 4215 a
361 4144 438 4214 Deo
454 4143 640 4232 inscriptas
662 4141 705 4208 de
729 4138 905 4220 moribus,
940 4160 1019 4204 cnm
1041 4159 1108 4205 vo·
1157 4138 1229 4205 vita
1244 4153 1467 4229 praeceptum
1486 4140 1575 4209 illud
1593 4142 1837 4229 gravissimum
1854 4170 2032 4234 amemus,
2059 4150 2146 4245 quod

117 4281 193 4326 cem
215 4252 292 4322 Dei.
312 4245 555 4318 concionantis
587 4244 631 4311 de
654 4240 739 4311 Sina
772 4240 953 4322 audimus,
990 4237 1125 4327 ipsum.
1145 4231 1446 4329 'apudPlautum
1467 4243 1590 4335 recitat
1609 4244 1854 4331 meretricula,
1896 4272 1992 4341 quae
2016 4266 2055 4325 et
2079 4254 2145 4345 ipss

119 4357 223 4446 Legis
240 4365 417 4421 auctorem
434 4346 589 4438 primum
610 4344 833 4423 intueamur,¹
861 4353 894 4409 et
915 4340 1107 4428 cogitantes
1145 4330 1980 4438 ,Aristotelicomore-mediocritatemoptimam
1994 4344 2147 4429 esse'sta-

11 4456 16 4463 ’
120 4453 398 4529 imbecillitatem
419 4460 594 4529 nostram,
627 4457 661 4512 et
682 4442 833 4512 Diaboli.
849 4440 1013 4523 insidias,
1045 4462 1117 4529 pe·-
1146 4442 1245 4526 tuit,
1270 4442 1455 4535 inquiens:
1479 4441 1798 4528 „Hoosott'rrseslt
1838 4445 1948 4520 Satis
1965 4463 2041 4541 est,
2059 4448 2150 4553 quod

118 4578 251 4639 tamus,
276 4568 316 4623 ut
330 4551 426 4621 Deus
441 4563 603 4618 aeternus
615 4544 720 4615 Peter
732 4543 881 4613 Dnmim
899 4543 1010 4613 nostri
1030 4539 1120 4617 lesu¹
1159 4540 1254 4612 satir
1277 4543 1362 4612 eat.”
1422 4545 1513 4617 Usus
1536 4558 1653 4616 autem
1677 4549 1770 4618 vitae
1792 4552 1915 4620 multis
1940 4554 2148 4647 disputatio-

118 4657 271 4741 Christi,
304 4667 447 4744 propter
468 4648 600 4719 Filium
621 4647 940 4717 mediatorem-nos
962 4642 1110 4733 recipiat
1161 4645 1266 4712 nibus
1282 4647 1386 4715 addet
1401 4648 1526 4719 lucem.

119 4764 319 4840 etadiuvet,
339 4746 913 4841 sicrrtl'iliuspromisitinquiens:
940 4744 1109 4833 „Quanto
1261 4744 1361 4831 Scio,
1386 4743 1449 4816 has
1465 4773 1590 4839 operas
1612 4745 1852 4833 scholasticas,
1886 4769 1923 4826 et
1949 4752 2023 4829 hoc
2048 4782 2150 4851 genus

119 4865 230 4953 magis
253 4858 357 4929 Pater
385 4867 498 4923 vester
528 4852 688 4922 coelestis
711 4849 811 4919 dabit
831 4846 1006 4938 Spiritum
1027 4869 1109 4915 san-
1161 4848 1424 4919 enarrationnm
1440 4850 1592 4921 fastidiri
1607 4877 1627 4920 a
1642 4854 1776 4923 multis.
1835 4854 1906 4925 Sed
1925 4880 2065 4933 revera·
2074 4858 2150 4933 haet

120 4981 217 5035 ctum
238 4954 473 5053 petentibus.''
530 4950 578 5021 Et
606 4954 747 5045 quidem
778 4973 896 5018 severe
926 4946 1110 5039 praecipit,
1161 4948 1308 5038 puerilis
1320 4950 1481 5020 doctrina
1495 4953 1594 5021 utilis
1612 4967 1684 5038 est,
1713 4971 1753 5024 ut
1768 4957 1816 5023 ita
1832 4956 1952 5028 dicam
1970 4988 2032 5056 χει

119 5080 162 5135 ut
176 5061 244 5135 hoc
261 5076 401 5132 tantum
413 5077 546 5127 munus
560 5069 737 5144 petamus,
768 5076 848 5121 cnm
873 5050 937 5120 ait:
971 5045 1122 5131 „Petite¹
1160 5043 1226 5146 7e‘ot
1255 5051 1313 5119 ad·
1329 5052 1562 5121 maximarum
1586 5078 1704 5125 rerum
1724 5057 2014 5147 explicationem.
2035 4984 2150 5136 Ἥ

124 5181 159 5237 et
179 5159 394 5254 accipietis.”
451 5155 549 5227 Haec
571 5156 616 5223 de
634 5154 788 5223 utilitate
814 5152 969 5221 breviter
994 5149 1111 5219 visum
1162 5172 1239 5217 snm
1269 5146 1431 5222 hortator
1456 5154 1623 5224 omnibus
1653 5159 1758 5226 honis
1785 5158 1961 5251 ingeniis,
2001 5181 2045 5238 ut
2075 5160 2151 5237 haee

121 5282 172 5339 est
188 5266 316 5337 dicere.
358 5260 449 5331 Nam
464 5261 518 5329 de·
527 5255 693 5327 universa
707 5253 893 5344 disciplina
907 5275 1009 5343 saepe
1025 5250 1112 5321 alias
1162 5246 1388 5323 Aristotelica
1403 5255 1541 5343 legant,
1567 5273 1705 5343 ament,
1738 5261 1887 5352 propius
1911 5266 2150 5340 considerent:

71 5386 80 5400 ·
122 5366 262 5441 anobis
278 5365 412 5436 dictum
430 5374 491 5433 est.
1163 5376 1275 5444 coque
1298 5355 1385 5440 tibi,
1417 5351 1581 5428 Aruuldc
1596 5361 1849 5448 eruditissime,
1873 5360 1970 5439 hanc
1991 5371 2150 5445 lucubra-
