4522 5760
109 220 186 298 rsa
689 204 1129 287 nrrsroraunu
1177 200 1287 278 ern.
1314 174 1377 281 u.
1420 199 1563 282 assa
2073 198 2145 279 us

135 393 256 461 'enim
278 378 359 459 sunt
381 385 539 458 credenti
565 386 604 456 iu
620 382 803 460 Christum
826 382 954 461 facilia.
1006 379 1103 449 Bcnc
1154 370 1346 448 volentiam
1363 400 1444 467 erga
1460 371 1516 447 me
1532 377 1622 447 facio
1639 375 2141 468 plurimi-‚·non·'solnmaneae

166 496 287 563 valete.
1154 481 1317 551 utilitatis
1333 488 1455 562 causa,
1488 482 1547 548 sed
1565 481 1678 549 multo
1696 480 1808 569 magis
1833 485 1930 574 quad
1959 492 2060 550 tanta
2069 481 2151 549 -vir-'

768 585 862 659 Phil.
877 580 1054 672 Melanth.
1156 597 1212 652 tns
1235 596 1269 652 et
1291 582 1452 651 doctrina
1476 582 1514 649 in
1529 580 1698 672 Principe
1711 582 1790 650 viro
1803 584 1992 673 praecipue
2007 599 2143 651 meren·

1156 696 1216 751 tur
1238 683 1510 753 admirationem
1532 697 1637 774 atque
1657 682 1825 753 amarem.
1879 682 2029 755 Utinam
2042 679 2144 754 habe-

1158 808 1275 854 remus
1298 787 1429 853 multos
1452 782 1538 853 tales
1561 780 1739 853 Ecclesiae
1762 786 2029 874 gubernatores.
2081 783 2144 863 Sed

868 880 945 960 (tere
960 904 1007 942 0¹·
1023 876 1107 959 11111·)
1159 887 1251 957 etde
1267 881 1516 977 pulcherrimis
1530 886 1723 955 virtutibus
1738 884 1829 954 Cels.
1846 885 1890 958 T.
1914 901 1951 957 et
1965 890 2012 956 de
2028 883 2145 956 Eccle-

502 1060 508 1075 ·
796 1055 802 1069 ,
881 974 1100 1003 m
1159 990 1291 1056 siarum
1311 987 1517 1056 conditione
1536 987 1623 1056 alias
1639 988 1754 1078 plura.
1803 986 1908 1059 Nunc
1927 986 2092 1075 mittoC.
2105 988 2145 1064 Τ.

355 1054 576 1139 ῘθαθῘΝῙηθ
611 1050 866 1136 Anhaltmo·
1160 1084 1280 1158 Alesii
1302 1090 1482 1172 libellum,
1522 1089 1561 1156 in
1581 1114 1652 1182 quo
1677 1091 1844 1186 collectae
1869 1104 1954 1160 sunt
1977 1082 2146 1183 quaedam

185 1216 264 1271 Etira
279 1216 307 1269 in
320 1213 485 1268 Bactarannt
500 1213 653 1284 accessp.
668 1211 728 1265 123.
1160 1191 1434 1276 consolationes,
1460 1213 1547 1283 quas
1561 1191 1635 1282 ipse
1650 1185 1740 1260 mibi
1755 1192 1935 1261 inculcare
1948 1193 2066 1279 soleo,
2088 1196 2147 1263 ad-

1160 1315 1281 1364 versus
1295 1315 1370 1376 cos,
1404 1293 1463 1384 qui
1484 1292 1587 1361 nabis
1603 1307 1703 1362 atrox
1719 1288 1915 1363 schismatis
1930 1295 2070 1363 crimen
2085 1297 2148 1366 ob-

1160 1395 1298 1465 iiciunt.
1349 1394 1442 1465 Satis
1457 1395 1551 1463 enim
1567 1410 1704 1466 excusat
1720 1418 1786 1463 nos
1799 1395 1950 1467 istorum
1965 1384 2147 1467 horribilis

117 1471 218 1565 Cum
241 1507 275 1562 el
295 1491 453 1561 flltlSll'eS
470 1488 653 1580 Principes
675 1488 800 1557 fraires
816 1483 856 1558 C.
872 1485 916 1557 V.
942 1483 1109 1554 omnibus
1161 1497 1367 1579 crudelitas,
1401 1520 1505 1587 quam
1529 1496 1684 1586 profecto
1709 1521 1822 1588 neque
1845 1497 2018 1567 adiuvare
2039 1522 2147 1591 neque

118 1581 782 1683 officiislercntmorbimolcstiaffl),
815 1601 850 1657 ct
875 1589 982 1656 sciam
1007 1600 1109 1654 notas
1161 1599 1358 1688 approhare
1380 1599 1561 1683 debemus.
1622 1596 1733 1688 Spero
1759 1593 1850 1669 hanc
1872 1598 2148 1672 consolationem

120 1723 192 1769 esse
209 1694 305 1768 GV.
322 1694 598 1776 consolationes,
632 1716 720 1784 quae
745 1703 867 1761 extant
888 1689 925 1756 in
941 1687 1047 1757 sacris
1064 1687 1110 1754 li-
1161 1699 1256 1779 eg'f,
1274 1697 1514 1787 Celegmram
1536 1700 1691 1768 suturam
1713 1721 1798 1771 esse,
1847 1699 2148 1771 &mmffldom

120 1800 219 1869 teris:
262 1796 385 1887 scripsi
414 1796 530 1864 rarius
562 1790 747 1872 hactenus,
791 1815 914 1859 verum
946 1789 1111 1880 precibus
1162 1815 1231 1869 tem
1253 1824 1309 1867 me
1327 1797 1417 1869 Cels.
1435 1798 1479 1871 T,
1503 1799 1670 1893 tanquam
1695 1792 1884 1891 praecipuo
1908 1816 2079 1891 patrono,
2112 1828 2149 1874 ac

121 1898 365 1972 cornmeudavi
388 1897 538 1965 salutem
560 1909 710 1964 vestram
730 1889 893 1975 Christo,
926 1891 1046 1975 cuius,
1070 1902 1110 1960 ut
1161 1902 1332 1993 polliceor
1359 1922 1495 1992 semper
1528 1901 1752 1971 autoritatem
1774 1901 1865 1976 Cels,
1888 1900 1934 1973 Τ,
1956 1906 2149 1995 plurimum

269 1355 298 1426 I
303 1348 442 1426 anchi
449 1379 531 1437 rna,
560 1349 723 1452 principi
738 1346 958 1421 Anhnllina.

8 2074 12 2081 .
121 2026 243 2094 spem.
281 1999 451 2068 beneficio
480 1997 697 2067 convalesce!
719 1993 759 2070 C·
785 1992 827 2064 V·
851 1993 1011 2065 feliciler·
1070 1990 1110 2061 Si
1163 2006 1257 2094 apud
1274 2027 1330 2071 me
1345 2003 1536 2072 valituram
1547 2026 1632 2078 esse.
1658 2002 1878 2074 Commendo
1890 1992 2166 2079 etiamCels.T.¹

120 2103 295 2175 Diabolus
327 2096 494 2171 hostilius
525 2100 635 2167 saevit
667 2098 704 2165 iu
738 2119 866 2186 corpus
890 2092 931 2167 C.
956 2092 1000 2162 V.
1026 2093 1109 2163 odio
1163 2100 1221 2174 M
1237 2097 1500 2190 lamiscum,
1539 2129 1708 2198 quocum
1729 2101 1840 2191 mihi,
1874 2121 2023 2199 propre„
2043 2109 2150 2199 ipsiu,

121 2203 328 2293 Evangelii,
354 2204 448 2294 qUOd
464 2199 503 2271 C·
521 2199 564 2268 V·
582 2214 616 2269 el
632 2212 726 2268 amat
741 2211 776 2267 θῑ
791 2197 892 2281 mlii,
917 2191 985 2264 1¹0⁰
1000 2194 1111 2284 “⁸³85ss
1163 2230 1335 2276 summam
1355 2202 1617 2278 humanitatem
1640 2232 1680 2277 ac
1699 2208 1822 2293 fidem,
1848 2222 1949 2281 vctcu
1964 2223 2018 2283 est
2032 2209 2161 2293 amisi-¹,
2180 2290 2183 2295 Ι

21 2374 37 2382 ,
122 2308 255 2398 erigere
280 2305 437 2373 animum
454 2300 493 2371 C.
506 2300 550 2374 V.
576 2302 679 2371 debel
703 2314 739 2372 el
759 2322 898 2390 sperare
920 2292 1110 2376 affinitio,
1164 2310 1222 2378 lia,
1261 2307 1455 2398 Praecipue
1471 2323 1587 2379 autem
1602 2309 1699 2398 cupit
1714 2304 1806 2381 Cels,
1821 2308 1866 2381 T.
1881 2328 2159 2395 esseicommgffi.

122 2409 186 2502 qui
199 2408 354 2499 profecto
371 2428 451 2473 suos
467 2404 618 2495 respicit,
644 2401 705 2496 qui
718 2412 862 2494 propter
876 2396 1110 2490 Evangelium
1163 2413 1265 2480 datus
1286 2422 1431 2500 propser
1456 2410 1684 2487 excellentem
1707 2410 1875 2481 virtutem
1897 2427 1933 2485 ἃ
1953 2412 2151 2499 domim

123 2510 340 2599 affliguntur.
393 2506 480 2581 Misi
496 2504 536 2578 C.
550 2504 594 2577 V.
619 2504 783 2575 libellum
802 2498 935 2583 alesti,
969 2502 1112 2591 prodest

123 2613 218 2680 enim
233 2633 329 2679 nunc
343 2607 382 2681 C.
400 2606 444 2680 V.
460 2607 568 2679 variis
583 2617 617 2675 el
632 2605 797 2675 iucundis
812 2603 1035 2672 sermonibus
1050 2613 1113 2670 arrt

121 2712 333 2783 lectionibus
361 2709 518 2779 animum
544 2730 711 2778 recreare.
769 2702 888 2776 Habet
910 2717 1026 2773 antem
1053 2697 1112 2771 hic

122 2814 267 2884 libellus
283 2812 410 2880 miram
425 2804 628 2893 historiam,
662 2823 696 2878 et
718 2831 808 2899 quae
830 2807 869 2875 in
889 2806 996 2875 tantis
1019 2804 1112 2874 odiis

123 2913 312 3003 Evangelii
339 2911 514 2982 consolari
538 2906 829 2999 etiachstram
853 2905 1111 2978 Celsitudinem

123 3018 272 3111 poterit,
314 3039 394 3083 cum
426 3012 594 3102 cogitabit
619 3012 748 3081 multas
770 3011 858 3079 alios
880 3011 993 3080 banos
1017 3008 1112 3077 viros

124 3119 300 3190 similibus
333 3114 587 3185 afflictionibus
621 3113 792 3197 exerceri,
823 3136 975 3206 quornm
1010 3134 1113 3179 aeru-

44 3252 50 3264 ·
124 3244 246 3304 mnae,
271 3232 311 3288 ut
325 3241 441 3309 spero.
465 3213 641 3285 Ecclesiae
656 3239 676 3284 a
690 3213 766 3283 Deo
781 3215 1023 3307 impetrabunt
1036 3236 1113 3280 ma-

124 3324 310 3413 guabona.
361 3317 404 3388 ln
429 3315 485 3386 his
507 3329 668 3387 numeret
692 3339 728 3384 se
749 3319 853 3384 eliam
868 3313 907 3387 C.
920 3313 966 3386 V.
986 3327 1022 3384 et
1033 3337 1114 3404 spe-

124 3439 179 3494 rct
192 3422 307 3491 Deum
330 3418 509 3488 Ecclesiae
531 3419 667 3510 aliquid
688 3417 775 3486 boni
791 3442 856 3509 pro
872 3414 1008 3485 Vestris
1022 3415 1116 3483 ailli-

11 3523 14 3527 ’
126 3524 303 3595 ctionibus
320 3521 542 3589 redditurum
557 3542 641 3591 esse.
692 3516 789 3587 Bene
812 3531 845 3588 et
865 3517 1015 3586 feliciter
1029 3540 1115 3585 con-

126 3628 278 3695 valescat
292 3647 331 3691 ac
349 3622 462 3690 valeat
476 3618 516 3690 C.
534 3619 576 3692 V.

127 3916 195 3989 No.
218 3913 323 3984 1198.

138 4011 309 4039 Μ

936 3914 1001 3992 (⁰¹-
1018 3911 1103 3994 tun.)

939 4003 1110 4032 m

396 4015 580 4173 Georgia
601 4057 860 4144 Anlaaltino.

198 4245 295 4301 select
316 4243 393 4314 epist.
417 4260 444 4310 p.
463 4239 522 4294 sta.
571 4237 672 4293 lterum
691 4237 778 4310 Epist.
798 4237 848 4294 lib.
868 4237 890 4294 l.
914 4258 941 4311 p.
961 4236 1006 4293 88.
1035 4236 1117 4307 (Edit.

234 4311 350 4367 boudin.
375 4311 423 4368 lib.
438 4311 459 4363 l.
477 4306 591 4380 epita)

131 4466 399 4544 Illastrissima
410 4474 449 4536 'et
463 4459 781 4535 Reserandissirna
793 4458 962 4562 Principi
977 4486 1021 4535 aa
1035 4461 1119 4534 Da-

132 4573 249 4655 mina,
287 4558 455 4640 Domino
481 4564 687 4662 Georgia
710 4560 879 4662 Principi
901 4565 940 4636 in
963 4560 1119 4650 Antan,

421 4664 561 4739 Camili
574 4668 758 4739 Ascanius
774 4678 835 4743 etc.

20 4870 29 4888 .
133 4788 177 4880 S.
200 4808 244 4879 D.
296 4808 403 4897 Quod
423 4800 593 4875 hactenus
612 4807 655 4874 ad
671 4803 763 4876 Cels.
778 4803 821 4876 T.
836 4798 928 4871 nihil
942 4803 1026 4873 dedi
1041 4802 1123 4873 lite-

97 4992 104 4999 .
133 4936 266 4994 rarum,
291 4911 429 4980 fatebor
442 4906 560 4998 potius
572 4930 698 4995 parum
714 4906 867 4976 officiose
882 4929 901 4974 a
917 4928 974 4973 me
989 4907 1121 4975 factum

135 5037 220 5098 esse,
238 5037 342 5106 quam
356 5024 437 5081 utar
450 5009 569 5102 aliqua
582 5008 701 5098 inepta
716 5006 949 5079 excusatione.
981 5002 1121 5093 Quaeso

1162 2510 1312 2585 Cels'll
1363 2508 1461 2582 Bene
1476 2525 1511 2582 et
1522 2512 1671 2583 feliciter
1680 2512 1800 2583 -valeat
1812 2509 1905 2589 Cels.
1922 2513 1967 2586 T.
2002 2560 2007 2569 .
2043 2574 2046 2579 ,
2133 2540 2158 2597 f:

1163 2813 1230 2887 No.
1248 2814 1358 2899 1199.

1169 2910 1341 2938 m

1241 3068 1245 3073 ,
1280 3064 1291 3105 Ι,
1321 2982 1548 3068 Portunus
1566 2970 1704 3089 filius
1733 2980 1798 3093 acl
1816 2946 2024 3101 pctlrt’tttf¹

2155 2950 2169 2999 l.

2134 3074 2176 3107 tt·

1232 3160 1335 3215 Manlii
1346 3162 1445 3233 tarrag.
1460 3180 1487 3232 p.
1500 3163 1549 3216 178
1555 3182 1599 3235 sq.
1630 3163 1773 3234 luseriptio
1784 3163 2020 3236 spudManliurnt
2028 3164 2155 3220 Drib

1266 3241 1336 3283 tana
1357 3232 1498 3297 errnpus
1514 3232 1675 3284 Melanthea
1694 3233 1724 3287 S.
1739 3230 1809 3303 D.‚·
1819 3233 1909 3315 inppts
1929 3243 1957 3291 et
1969 3235 2094 3299 ,delenda
2107 3244 2152 3303 stt

1180 3318 1193 3342 ⁴
1267 3296 1368 3353 Scribit
1381 3300 1452 3353 enim
1468 3296 1658 3372 Christianus,
1676 3298 1746 3354 filius
1759 3300 1895 3366 Ponant,
1918 3296 1960 3353 e'd'
1984 3296 2073 3363 alren

1266 3376 1324 3448 torn
1339 3368 1498 3422 versabatur
1511 3386 1581 3421 cum
1596 3368 1723 3441 Principe
1734 3364 1967 3425 tuscania-tta
2004 3340 2090 3426 ruttl’
2100 3321 2160 3427 ὃ

1268 3455 1315 3493 vir
1325 3437 1408 3491 dubio
1421 3448 1511 3511 caret,
1530 3437 1918 3507 Melantbonemlssbristianm
1939 3439 2158 3523 decumana,

1269 3504 1412 3577 epistolam
1426 3506 1636 3579 praescripsisse.
1685 3576 1689 3581 .

1168 3654 1481 3732 Christianus
1513 3656 1755 3733 Pantanus
1789 3659 1845 3734 nd
1877 3606 2163 3760 ardgarium·-

1430 3758 1891 3862 Pont·anum·,·patrem.
1947 3784 1990 3817 ³²·
2034 3768 2182 3841 *tatu-''t‘'

1169 3888 1211 3981 S.
1237 3910 1281 3981 Ι).
1331 3907 1411 3983 Etsi
1427 3894 1579 4005 sperate
1595 3916 1640 3985 ad
1655 3938 1721 4005 nos
1737 3866 2179 4015 breviredithiumes'sp

1171 4029 1287 4084 tamen
1311 4039 1392 4083 cum
1412 4008 1502 4083 mihi
1524 4016 1674 4087 nuncius
1697 4019 1834 4088 ablatus
1854 4012 1968 4115 esset,
1987 3992 2159 4091 duiimer

1170 4114 1275 4185 officit
1295 4139 1385 4199 esse,
1411 4131 1450 4187 ut
1465 4116 1600 4213 aliquid
1617 4120 1659 4187 ad
1678 4132 1711 4189 te
1723 4118 1937 4213 scriberem,
1968 4135 2009 4191 ut
2021 4110 2163 4217 extaret

1171 4217 1265 4309 apud
1280 4230 1314 4285 te
1328 4216 1473 4309 aliquod
1488 4217 1663 4312 specimen
1676 4220 1877 4311 studiorum
1890 4245 2072 4313 meorum.
2095 4212 2173 4301 Dei

1172 4319 1341 4388 beneficio
1355 4319 1445 4387 bene
1464 4320 1620 4389 valemus
1636 4346 1778 4406 omncs,
1805 4336 1839 4391 et
1854 4346 2021 4412 rogamus
2036 4308 2151 4409 Dani.

1172 4432 1212 4488 ut
1237 4434 1276 4488 tu
1300 4444 1440 4513 quoque
1463 4422 1580 4489 salvus
1603 4438 1638 4492 et
1660 4423 1848 4493 incolumis
1865 4427 2015 4494 domum
2030 4430 2151 4498 redeas

1172 4515 1272 4589 Nihil
1288 4522 1390 4590 nobis
1405 4536 1464 4591 tua
1483 4523 1595 4591 salute
1612 4526 1710 4615 prius
1724 4539 1784 4595 aut
1799 4527 1931 4614 gratius
1950 4549 2026 4597 esse
2041 4541 2151 4619 polest.

1172 4619 1266 4690 Novi
1284 4618 1377 4719 nihil
1394 4619 1525 4708 habeo,
1557 4626 1626 4694 nisi
1643 4629 1744 4719 quod
1764 4616 1871 4696 audio
1891 4623 1950 4697 hic
1966 4625 2153 4699 recuditu-

1173 4724 1316 4792 stariam
1331 4723 1464 4816 Papae,
1499 4751 1567 4818 qua
1583 4725 1677 4819 Papa
1698 4753 1718 4798 a
1733 4724 1840 4799 Gallo
1863 4743 2031 4822 exceptus
2049 4724 2152 4823 est'):

1174 4836 1209 4892 et
1231 4826 1332 4894 aiunt
1356 4824 1400 4894 D.
1422 4823 1636 4897 ttaru'nam
1662 4832 1791 4899 addere
1816 4834 1988 4925 quasdam
2014 4842 2152 4921 ψ’ῐιοίε-

1175 4926 1298 5000 tiones.
1349 4923 1512 4999 Christus
1535 4944 1648 5001 servet
1663 4945 1716 5018 te,
1747 4932 1878 5023 optime
1901 4946 1936 5005 et
1961 4924 2154 5007 charisa'm

1174 5041 1282 5119 pater.
1331 5026 1429 5098 Bene
1444 5031 1532 5104 vale.
1583 5102 1590 5116 ,

134 5127 269 5193 autem,
296 5127 338 5183 ut
351 5110 444 5186 Cels.
460 5107 505 5181 T.
521 5131 636 5178 meam
649 5108 687 5176 in
702 5103 770 5180 hoc
785 5132 912 5198 genere
930 5106 1122 5200 procrasti-
1172 5164 1397 5178 ...—

136 5216 313 5287 nationem
337 5215 424 5284 boni
447 5210 617 5283 consulat.
666 5206 743 5300 Ego
766 5212 861 5280 enim
885 5206 926 5285 C.
943 5207 988 5283 Τ.
1011 5210 1122 5279 bene-

136 5336 364 5357 „m

167 5382 198 5454 *1
216 5379 279 5437 Vid.
292 5380 368 5446 epist.
382 5376 518 5435 comiat-
528 5372 641 5432 hateri
659 5373 695 5430 sd
706 5370 875 5430 laashimm
887 5372 973 5431 defi.
985 5371 1047 5429 ΙΙΙ.
1055 5370 1084 5428 b·
1094 5390 1120 5429 a.

1208 5233 1237 5304 111)
1256 5233 1381 5287 Clemens
1393 5230 1473 5304 Vll.,
1489 5230 1614 5289 Pontifex
1629 5234 1726 5303 Rom,
1750 5246 1861 5291 exeunte
1880 5255 1956 5292 anno
1974 5238 2052 5297 1583.
2066 5239 2156 5298 ΙΗ-

1240 5300 1462 5426 &wamiam
1480 5301 1569 5358 iuerat
1587 5304 1621 5360 ad
1643 5303 1818 5362 celebrandas
1842 5309 1954 5380 nuptias
1973 5309 2156 5369 Ceth-iuss

1276 5390 1290 5425 e
1310 5390 1319 5425 r
1349 5406 1357 5425 .
