4522 5760
107 231 215 320 041'
680 235 1122 315 uelsroualtun
1154 240 1297 319 atu..
1319 243 1401 317 Vll.
1453 240 1585 322 taes.
1832 317 1835 321 ,
2027 178 2168 329 φ942Ι

109 422 147 483 et
172 409 442 483 Declisst'mum
478 410 596 480 virum
629 405 827 482 Ductorem
859 405 1036 482 Antoni
1042 434 1109 482 em
1159 427 1294 484 metum
1321 415 1558 507 pestilentiae,
1597 444 1687 514 quae
1717 418 1967 512 Wittebergae
1997 427 2149 513 grassari

512 509 586 582 Ba
597 536 711 583 raes.
1160 522 1337 608 coeperat,
1367 518 1542 609 dispersos
1559 544 1643 592 esse.
1695 521 1814 611 Quare
1828 547 1909 594 cum
1923 525 2040 595 absint
2055 551 2150 596 nen·
2198 522 2201 527 ’

71 645 82 655 “
111 612 311 724 Principio
334 632 706 702 commemorationem
722 628 989 707 benevolentiae
1006 630 1111 702 Sopo.
1159 619 1251 688 nulli
1285 643 1305 690 a
1337 614 1474 705 Schola,
1508 617 1565 691 hic
1594 624 1802 694 retinendus
1826 620 1942 696 adlltlc
1965 627 2052 711 full,
2082 628 2148 698 elil

111 733 257 804 nissimi
285 731 395 822 Regis
421 727 589 822 Anguem,
622 731 771 803 Domini
792 746 827 804 nt
845 731 1109 823 consanguinei
1159 741 1339 810 speramus
1354 717 1422 791 Dei
1446 724 1616 793 beneficio
1641 726 1742 795 brevi
1766 750 1888 796 rursus
1911 742 2148 801 conventuros

111 836 248 921 nostri,
277 858 357 925 orgo
378 858 462 918 nos,
486 849 522 905 ot
537 835 657 905 literas
674 835 783 926 ipsius
800 848 898 924 grato
914 834 1033 902 animo
1051 858 1110 903 ac.
1159 843 1232 890 esse
1254 836 1288 891 el
1311 837 1465 892 caeleros
1487 826 1711 914 professores.
1773 824 1821 897 Ei
1844 829 1916 896 lam
1939 852 2146 920 apparamus

83 939 285 1029 .cepimus,
303 937 497 1006 etvicissim
514 951 636 1005 nostra
653 937 768 1006 officia
777 936 1009 1007 serenissimo
1018 933 1111 1025 Regi
1159 922 1225 991 Ῑῑθΐ
1248 939 1427 1010 ῃῡδῑωῐη,
1460 926 1498 994 lss
1523 952 1593 1019 (1¹¹0
1616 951 1682 995 110⁵
1704 952 1844 1021 quoque
1861 929 1998 1022 aliquos
2023 932 2168 1000 nobie.

112 1040 252 1131 optima
273 1039 455 1108 voluntate
472 1038 675 1111 deferimus,
1158 1047 1237 1092 cum
1252 1026 1394 1094 ducturi
1412 1051 1533 1096 sumus
1547 1027 1622 1097 Deo
1637 1031 1788 1100 volente.
1824 1028 1917 1101 Cum
1932 1045 2049 1100 autem
2066 1055 2147 1124 spe-

204 1138 409 1231 ·Pnstqnnm
424 1153 541 1208 nnmn
558 1139 925 1213 dinennnnnennnnbin
940 1137 1110 1228 exposuit,
1159 1147 1294 1210 remus,
1326 1127 1481 1215 legatum
1497 1129 1601 1196 illum
1625 1144 1659 1199 et
1683 1129 1873 1201 Doctorem
1896 1127 2046 1201 Barnea
2071 1146 2146 1203 no'n

114 1242 212 1335 quod
230 1240 483 1312 serenissimus
499 1238 577 1312 Rex
592 1241 765 1313 missurus
779 1240 824 1310 sit
841 1253 876 1309 et
894 1240 1043 1311 alterum
1056 1239 1110 1308 le·
1158 1228 1328 1315 gravatim
1353 1230 1505 1300 reditum
1527 1246 1689 1300 nostrum
1710 1247 2058 1325 expectaturosesse,
2083 1258 2148 1335 pc7
2182 1262 2185 1267 ’

115 1333 239 1432 gatum
256 1367 336 1413 curn
352 1344 455 1410 certis
468 1343 654 1428 mandatis,
680 1366 719 1411 ac
733 1341 869 1433 petivit,
888 1355 927 1412 ut
944 1342 1108 1411 mandam
1157 1329 1264 1397 timus
1280 1329 1484 1415 clementer,
1510 1346 1551 1401 ut
1563 1330 1607 1405 D.
1621 1327 1769 1401 Barnea
1784 1358 1896 1427 aequo
1914 1335 2032 1403 animo
2048 1339 2148 1421 ferat,
2164 1334 2174 1350 '

116 1443 176 1512 illi
199 1442 405 1513 aSereniss.
430 1441 527 1532 Rege
552 1445 680 1514 tradita
701 1468 776 1513 non
799 1443 988 1514 difficulter
1005 1442 1109 1511 audi·
1158 1431 1294 1498 differri
1319 1455 1527 1524 responsum
1548 1436 1590 1503 (Ῑθ
1615 1431 1682 1504 l¹0⁰
1703 1435 1872 1520 θῖῑὶθΰῙθ,
1906 1438 1950 1505 de
1971 1429 2169 1535 PhillWO'

112 1568 238 1615 remus
254 1559 288 1616 et
301 1567 586 1632 agnosceremus,
613 1546 650 1613 id
666 1545 818 1616 libenter
833 1544 961 1615 facturi
977 1567 1109 1628 sumus,
1157 1526 1420 1614 Melll'tlhww,
1453 1558 1566 1628 usque
1586 1537 1631 1604 «td
1652 1537 1806 1607 reditum
1829 1551 1999 1610 nostrum·
2055 1537 2147 1608 Nam

117 1636 290 1740 qnoniam
316 1658 351 1717 et
379 1645 533 1716 amicitia
552 1660 672 1716 nnsnn
693 1648 842 1735 dignum
861 1662 897 1718 ne
919 1642 1109 1715 honesturn
1149 1647 1343 1726 postquam
1359 1634 1427 1705 Dei
1439 1637 1608 1705 beneficio
1627 1637 1759 1706 reversi
1773 1639 1962 1724 fuerimus,¹
1980 1639 2084 1708 etiam
2103 1640 2147 1708 de

116 1770 194 1816 esse
208 1748 415 1816 iudicamus.
454 1743 503 1817 Et
518 1748 588 1816 iam
604 1748 721 1818 statim
737 1749 929 1818 scribemus
944 1749 987 1816 ad
1006 1770 1109 1838 prae·
1157 1730 1407 1823 l10⁰²¹115011102
1432 1739 1732 1832 quemadmffllulss
1744 1740 1881 1810 decebit
1892 1764 1977 1826 1¹0⁵,
2000 1765 2146 1833 ¹'089011-

116 1848 233 1918 sidem
253 1847 411 1917 Ducatus
425 1846 617 1935 saxoniae,
642 1864 703 1934 ut,
728 1855 809 1919 cum
832 1852 965 1938 legatus
986 1848 1047 1917 ille
1069 1849 1107 1915 in
1158 1837 1331 1911 debimus·
2002 1872 2005 1877 ·

114 1947 297 2020 Ducatum
318 1948 494 2020 Saxoniae
513 1950 668 2036 venerit,
695 1976 734 2020 ac
755 1950 821 2021 iter
840 1945 1005 2021 habuerit
1027 1973 1109 2019 ver·
1258 1937 1440 2011 Postremo
1454 1944 1548 2034 quod
1564 1945 1723 2035 exposuit
1734 1939 2035 2031 DoctorBames,
2051 1948 2147 2040 quod

115 2074 179 2121 sus
203 2050 486 2141 Wittebergam,
525 2053 674 2144 excipiat
699 2076 780 2122 eum
809 2065 932 2122 nostro
964 2051 1109 2120 nomine
1158 2038 1328 2111 Sereniss.
1342 2040 1419 2113 Rex
1438 2041 1588 2134 Angliae
1606 2070 1678 2114 non
1697 2060 1831 2117 recuset
1844 2069 1881 2115 se
1895 2047 2085 2136 adiungere
2103 2050 2148 2117 ad
2177 2066 2183 2074 ·

115 2153 189 2222 fide
208 2152 351 2245 publiea
375 2167 409 2221 et
433 2167 578 2245 propter
601 2153 770 2226 sereniss,
793 2150 928 2243 Regem
950 2167 1110 2223 nmnnter
1158 2142 1359 2213 societatem
1372 2145 1537 2230 foederis,
1558 2151 1654 2239 qued
1663 2142 1834 2217 habemus
1848 2149 2148 2241 cumquibusdam

116 2266 155 2325 et
174 2253 329 2323 officiose
352 2266 486 2324 tractet,
537 2252 586 2324 Et
610 2268 800 2325 venturum
826 2255 930 2325 illum
955 2252 1109 2343 legnnnn
1157 2242 1384 2338 Principibus
1400 2243 1613 2316 Germaniae
1634 2273 1674 2318 ac
1695 2249 1844 2319 statibus
1865 2264 2010 2342 propter
2026 2251 2148 2319 defen-

116 2354 273 2424 libenter
287 2355 445 2423 sineulla
462 2379 561 2424 mora
577 2355 733 2426 audituri
743 2379 905 2426 essemus.
940 2354 1012 2426 Sed
1029 2381 1110 2426 cum
1159 2347 1294 2416 sionem
1318 2347 1397 2439 piae
1420 2362 1453 2418 et
1477 2372 1586 2439 purae
1603 2350 1783 2421 doctrinae
1797 2346 2003 2441 Evangelii,
2027 2352 2057 2421 si
2073 2350 2148 2423 Re-

115 2480 196 2527 non
219 2455 497 2526 intellexerimus
520 2472 632 2543 certa,
658 2456 800 2552 quando
822 2452 1037 2527 adventurus
1055 2456 1112 2543 sit,
1159 2450 1234 2539 glas
1255 2450 1444 2521 Serenitati
1465 2451 1643 2520 itibualur
1657 2452 1763 2521 ⁴locus
1786 2453 1932 2543 dignm,
1957 2454 2018 2522 scd
2039 2453 2088 2524 ita
2108 2468 2149 2524 ut

116 2573 156 2632 et
166 2581 233 2628 nos
250 2558 413 2628 maximis
430 2558 474 2626 de
490 2559 603 2628 causis
618 2560 661 2628 ad
677 2583 797 2651 pacem
816 2583 855 2630 ac
871 2559 1112 2651 tranquillita-
1159 2548 1291 2641 Regiae
1306 2549 1496 2622 Serenitati
1514 2553 1611 2642 prius
1625 2578 1689 2644 per
1704 2553 1835 2645 legatos
1847 2549 2010 2624 homines
2029 2555 2149 2624 erudi-

116 2675 191 2733 tem
213 2672 415 2729 nostrarum
439 2660 617 2731 ditionum
641 2675 676 2732 et
692 2663 738 2730 ed
754 2661 822 2730 elin
839 2660 1112 2755 pertinentibus,
1160 2664 1214 2721 tos
1240 2666 1334 2722 certo
1358 2653 1611 2742 significemus,
1642 2678 1730 2748 quos
1756 2656 1922 2726 articulos
1941 2657 1978 2724 in
1997 2657 2146 2726 concilio

116 2761 223 2833 brevi
244 2761 313 2832 iter
335 2760 373 2828 in
389 2761 476 2830 alias
493 2763 662 2854 quasdam
680 2762 840 2853 regiones
854 2762 1049 2855 suscepturi
1064 2761 1112 2830 si·
1161 2755 1348 2825 defendere
1364 2756 1573 2844 cogitemus,
1595 2769 1629 2826 et
1643 2781 1688 2824 ne
1702 2780 1768 2825 nos
1783 2770 1818 2826 et
1833 2759 1945 2827 nostri
1961 2760 2149 2828 eonfoede-

115 2885 199 2933 mus
213 2854 270 2955 ³),
300 2862 452 2952 petimus
481 2877 522 2932 ut
549 2864 663 2935 dictus
693 2878 812 2936 orator
837 2863 940 2937 Doct.
963 2859 1113 2933 Barnea
1160 2856 1228 2925 rati
1252 2856 1511 2926 consentiamus
1533 2858 1571 2926 in
1590 2858 1741 2927 concilio
1756 2859 1826 2928 nisi
1840 2884 1878 2928 re
1893 2860 2150 2931 communicata

116 2976 273 3057 exponat
286 2963 399 3052 legato
425 2964 498 3049 illi,
515 2990 603 3034 ⁴cnm
619 2967 776 3052 venerit,
802 2989 867 3034 nos
883 2965 1036 3056 benigne
1050 2991 1112 3057 pe·
1161 2982 1240 3026 cum
1260 2955 1372 3046 Regia
1391 2957 1603 3042 ὃθῐθῐὶῐῑδῑθ,
1629 2975 1664 3031 el
1687 2963 1865 3030 0⁰11¹m11¹¹l
1887 2984 2059 3030 consensu
2075 2959 2151 3033 Re·

117 3079 196 3135 tere
213 3077 359 3157 propter
379 3065 470 3134 illud
491 3080 653 3136 nostrum
675 3067 761 3159 iter,
785 3080 826 3137 ut
846 3091 919 3137 non
940 3067 1111 3156 gravatim
1159 3058 1234 3148 giae
1249 3057 1471 3130 serenitatis:
1505 3061 1549 3129 ad
1572 3056 1657 3129 haec
1678 3065 1948 3151 respondemus,
1981 3087 2046 3131 nos
2068 3063 2150 3156 qui-

117 3162 440 3256 autWittebergae
456 3180 516 3237 aut
530 3168 569 3236 iu
577 3167 703 3237 vicinis
720 3168 860 3260 oppidis
876 3169 1030 3239 reditum
1044 3193 1112 3238 no·
1160 3163 1241 3249 dem
1265 3173 1300 3230 et
1316 3154 1409 3230 hanc
1425 3157 1594 3235 Sereniss.
1611 3160 1720 3250 Regis
1735 3164 2018 3234 benevolentiam
2035 3163 2148 3256 pluri-

116 3280 233 3340 strum
256 3280 426 3360 expectet,
460 3294 564 3362 quem
586 3281 626 3338 ut
649 3269 746 3340 Deus
770 3270 874 3340 nobis
896 3273 1049 3342 fnnsmm
1072 3294 1111 3341 ac
1158 3262 1210 3330 mi
1235 3261 1365 3348 facere,
1397 3275 1432 3332 et
1463 3262 1619 3332 vicissim
1648 3265 1746 3332 omni
1774 3266 1891 3335 studio
1914 3265 2146 3336 serenissimo

118 3370 271 3440 celerem
295 3371 482 3454 concedat,
514 3393 667 3444 oramus.
718 3368 881 3465 Cumque
903 3371 1111 3442 redierimus
1158 3360 1251 3454 Regi
1272 3364 1525 3454 gratificaturos
1544 3389 1627 3434 esse.
1680 3365 1750 3436 sed
1772 3361 1858 3437 haec
1879 3367 2084 3438 deliberatio
2104 3370 2147 3438 de
2183 3441 2190 3451 ,

116 3470 385 3567 quamprimum
417 3471 693 3560 significabimus
723 3472 836 3565 legato
867 3474 940 3560 illi,
974 3499 1045 3570 quo
1072 3474 1111 3541 in
1159 3465 1299 3535 foedere
1329 3490 1402 3535 non
1433 3467 1478 3535 ad
1503 3490 1568 3536 nos
1593 3467 1687 3536 solos
1708 3467 1871 3557 pertinet.
1931 3465 2051 3556 Quare
2074 3492 2152 3539 non

116 3573 200 3643 loco
217 3573 333 3662 ipsum
351 3586 446 3641 certo
461 3572 619 3642 audituri
635 3573 754 3647 simus.
1159 3589 1345 3659 possumus
1377 3570 1589 3660 respondere
1623 3594 1662 3638 re
1695 3572 1856 3640 nondum
1891 3572 2169 3641 communicata-

143 3701 148 3707 ·
221 3670 269 3744 Et
294 3673 465 3766 quoniam
477 3670 522 3745 D.
537 3669 686 3744 Barnrs
707 3676 801 3745 inter
817 3691 952 3748 caetera
964 3678 1112 3747 manda·
1161 3694 1241 3741 cum
1263 3668 1406 3739 caeteris
1426 3670 1690 3743 confoederatis.
1741 3667 1832 3740 Cum
1856 3684 1972 3741 autem
1988 3671 2065 3742 Deo
2083 3698 2149 3741 vo-

116 3789 156 3846 ta
172 3775 277 3844 nobis
292 3775 471 3866 exposuit,
497 3774 668 3849 sereniss,
681 3774 816 3867 Regem
832 3793 983 3849 venturo
998 3779 1112 3869 legato
1159 3770 1255 3841 lente
1279 3785 1357 3862 post
1379 3794 1506 3861 paucas
1529 3772 1740 3864 septimanas
1766 3797 1887 3841 omues
1911 3773 2149 3844 confoederati

117 3870 353 3959 commisisse,
389 3890 429 3945 ut
461 3877 505 3946 de
531 3878 635 3947 certis
663 3879 820 3947 articulis
850 3905 930 3950 cum
952 3878 1041 3954 Rev,
1067 3879 1111 3952 D.
1161 3872 1372 3942 conventuri
1393 3887 1494 3957 sunt,
1520 3891 1733 3967 exponemus
1749 3874 1798 3943 eis
1811 3874 2028 3944 voluntatem
2045 3873 2149 3945 Sere-

116 3970 300 4047 Martino
315 3969 483 4045 Lattara
499 3990 532 4047 et
544 3980 624 4048 aliis
639 3980 843 4050 doctoribus
856 3994 995 4051 nostrae
1009 3977 1112 4053 scho—
1160 3973 1299 4042 nissimi
1311 3970 1431 4063 Regis,
1457 3989 1491 4044 et
1505 3976 1549 4044 de
1564 3989 1634 4045 tota
1649 4000 1688 4045 re
1703 3975 1847 4045 cumeis
1864 3975 2149 4061 deliberabimus,

116 4079 179 4150 lae
190 4079 327 4172 placide
343 4079 585 4171 colloquatur,
606 4105 645 4150 ea
662 4081 701 4149 in
715 4106 752 4151 re
768 4070 995 4171 gratificaturi
1010 4082 1113 4153 Sere·
1161 4075 1431 4168 efficiemusque,
1453 4089 1495 4145 ut
1510 4073 1762 4147 Serenlssimus
1773 4075 1852 4148 Rex
1865 4078 2050 4170 intelligat,
2074 4102 2150 4149 non

116 4180 268 4249 nissimo
283 4177 393 4268 Regi,
420 4182 572 4252 libenter
593 4183 630 4250 id
651 4182 868 4275 colloquium
888 4184 1112 4254 concedimus
1161 4177 1312 4246 defuisse
1326 4178 1430 4246 nobis
1443 4178 1601 4247 studium
1615 4203 1655 4248 ac
1671 4179 1887 4249 voluntatem
1903 4193 1937 4251 et
1951 4181 2149 4270 gratifican-

116 4280 227 4351 etiam
244 4280 284 4348 in
295 4283 453 4351 absentia
471 4298 609 4368 nostra,
634 4308 679 4352 ne
695 4285 808 4374 legato
823 4285 862 4354 in
878 4309 977 4355 mora
992 4285 1113 4371 simus,
1160 4278 1198 4346 di
1215 4274 1345 4366 Regiae
1362 4278 1569 4363 Serenitati,
1602 4294 1635 4350 et
1652 4282 1897 4372 propagandae
1914 4283 1992 4377 piae
2009 4297 2043 4352 et
2055 4282 2150 4353 salu-

116 4396 183 4454 aut
197 4398 336 4473 tempus
351 4382 484 4453 interea
500 4385 631 4455 fnestra
647 4398 885 4455 consumatur.
926 4384 975 4455 Et
990 4387 1112 4457 docto.
1161 4378 1246 4447 taris
1268 4379 1450 4449 doctrinae
1468 4383 1511 4449 ad
1530 4382 1679 4470 gloriam
1691 4381 1758 4452 Dei
1775 4395 1808 4453 et
1821 4383 1970 4453 salutem
1985 4383 2149 4454 eeclesiae

116 4484 221 4555 ribus
240 4497 382 4553 nostrae
398 4479 537 4554 scholae
554 4487 819 4573 mandabimus,
845 4501 886 4557 ut
900 4485 1113 4556 conveniant
1150 4474 1305 4552 Christi.
1341 4478 1533 4574 Nunquam
1549 4480 1645 4551 enim
1659 4481 1863 4552 abiiciemus
1876 4500 2007 4555 rectam
2025 4509 2064 4556 ac
2082 4510 2151 4579 pu-

117 4585 168 4656 ad
183 4585 337 4674 legatum
351 4584 475 4671 illum,
501 4587 645 4681 eiusque
663 4587 935 4679 disputationem
955 4588 1114 4679 deligen-
1161 4606 1237 4651 ram
1251 4581 1449 4651 doctrinam
1464 4578 1651 4672 Evangelii
1666 4595 1701 4652 et
1714 4585 1876 4655 ecclcsiae
1890 4588 2024 4670 utilem,
2042 4610 2150 4683 quam

69 4733 77 4739 -
118 4699 176 4757 ter
190 4686 357 4771 audiant,
383 4701 418 4756 et
435 4712 517 4756 cum
533 4711 573 4756 eo
590 4703 748 4759 amanter
765 4690 1024 4782 colloquantur.
1162 4697 1196 4752 et
1216 4678 1479 4755 Illustrissimus
1494 4682 1600 4754 Pater
1614 4699 1753 4769 noster,
1779 4701 1812 4757 et
1829 4712 1894 4757 nos
1909 4712 1989 4757 cum
2004 4687 2150 4782 reliquis
2185 4738 2188 4743 ,

225 4784 333 4875 Quod
355 4788 458 4859 etiarn
473 4789 623 4878 petitum
639 4803 689 4858 est
707 4792 751 4859 de
765 4782 943 4888 Philippo
956 4784 1114 4860 Melen—
1162 4783 1360 4854 coniunctis
1383 4810 1500 4856 coram
1519 4783 1646 4859 lnvict.
1665 4785 1830 4872 Caesare,
1864 4789 2009 4859 domino
2027 4802 2149 4859 nostro

119 4878 251 4972 thone,
276 4903 318 4959 ut
332 4889 365 4956 ei
378 4890 634 4981 permittamus,
656 4903 698 4959 ut
713 4892 780 4960 iter
796 4893 841 4961 ad
857 4891 1025 4963 sereniss.
1040 4891 1114 4965 Re.
1162 4886 1448 4970 clementissimo,
1473 4899 1506 4956 et
1524 4888 1668 4957 caeteris
1684 4885 1841 4959 Romani
1857 4888 2002 4981 lmperii
2017 4890 2152 4982 priuci·
2202 4973 2206 4979 ,

117 5010 200 5078 gem
215 4985 365 5079 Angliae
381 4990 558 5081 suscipiat,
583 4991 736 5062 libenter
750 4992 821 5062 inm
838 4993 955 5064 statim
967 5016 1114 5085 respon.
1162 4987 1267 5078 pibus
1287 5010 1328 5057 ac
1352 4990 1500 5058 statibus
1520 4989 1559 5057 in
1579 5003 1756 5059 conventu
1773 4985 2152 5078 Augustanoeonfessi

118 5089 294 5161 dissemus
316 5089 464 5161 Doctori
484 5086 644 5166 Barnes.
697 5092 767 5165 Sed
789 5095 864 5187 ipse
879 5092 1116 5165 DoctorBar-
1163 5110 1295 5161 sumus.
1346 5087 1418 5159 Nec
1441 5090 1663 5175 dubitamus,
1689 5091 1777 5184 quin
1799 5094 1920 5162 eodem
1945 5094 2063 5163 animo
2080 5094 2154 5164 sint

118 5214 185 5261 nes
207 5191 318 5278 vidit,
343 5192 414 5262 iam
435 5193 646 5284 professores
661 5190 800 5266 scholae
816 5211 956 5268 nostrae
972 5211 1117 5288 propter
1165 5204 1198 5260 et
1221 5190 1348 5279 caeteri
1368 5192 1607 5265 confoederati
1628 5193 1758 5276 nostri,
1790 5216 1830 5263 ac
1846 5217 2010 5284 rogamus
2026 5192 2153 5278 Deum,

121 5345 335 5364 ........
1040 5373 1041 5377 ¹
1164 5303 1205 5360 ut
1231 5306 1374 5383 propter
1394 5294 1542 5381 gloriam
1561 5289 1695 5364 Christi
1716 5307 1749 5362 et
1768 5295 1917 5365 salutem
1940 5310 2096 5370 nostram
2119 5310 2155 5367 et

156 5414 184 5483 t)
202 5409 336 5468 weuram
349 5408 382 5467 at
395 5408 598 5466 ferdinandum
611 5422 712 5485 regen.
1166 5391 1330 5461 ecclesiae
1345 5387 1441 5464 hunc
1456 5395 1617 5465 animum
1632 5407 1794 5465 nostrum
1809 5397 2002 5472 conlinnet.

1257 5488 1354 5563 60·
