4522 5760
563 147 1012 297 arrsronanu'u
1062 208 1276 288 mavi.
1328 210 1465 288 mss.
1957 174 2032 301 m

95 412 177 479 erga
204 401 239 459 te
267 389 487 460 voluntatem
512 401 547 459 et
567 387 741 479 principis
762 399 799 457 et
819 382 989 468 Pontani,
1037 378 1296 476 EratPriucipi
1310 383 1588 469 iucundissimus
1597 384 1955 481 adventusDoctoris
1968 397 2037 469 etsi

93 492 146 561 eri
160 486 251 561 mihi
265 491 450 582 respondit
463 513 505 559 ex
518 491 600 559 aula
615 491 776 572 rediens,
810 512 900 582 quae
923 510 990 581 po-
1041 508 1117 555 non
1137 486 1253 557 fuerat
1274 500 1485 577 expectatus.
1535 483 1609 556 Nec
1629 489 1710 579 plus
1728 514 1801 560 uno
1819 492 1878 562 die
1894 491 2055 587 Torgae'

102 617 312 685 cognoscere
338 594 382 663 de
408 592 576 663 adiuncta
601 604 698 663 carta
730 590 858 661 litteris
888 587 989 660 meis.
1041 587 1247 660 mansimus.
1300 586 1341 659 ln
1361 610 1483 660 mensa
1498 578 1568 658 fuit
1583 590 1728 661 comitas
1741 615 1881 664 summa
1893 592 2034 670 Princi-

90 719 277 790 nunquam
297 695 402 765 valde
424 693 714 773 contendendum
736 691 874 786 putavi:
913 714 990 758 me-
1040 689 1096 783 pis
1108 714 1190 780 erga
1203 713 1288 774 nos,
1313 714 1353 761 ac
1368 688 1472 761 initio
1489 688 1530 760 in
1541 687 1708 764 Cometae
1726 694 1908 767 mentione
1922 700 2035 773 multa

91 797 131 867 sti
152 797 240 893 quid
264 793 355 867 mihi
377 810 480 885 antea
504 790 596 891 πρὸς
618 788 662 865 τὸ
678 787 851 890 ’ἀσφαλές
871 793 989 863 visum
1040 783 1222 890 φιλόλογα
1253 792 1431 884 disputata
1464 805 1568 877 sunt,
1608 795 1827 885 secutisunt
1852 820 2033 872 sermones

91 898 216 991 tilius,
245 913 279 970 et
300 899 473 969 emtiones
495 890 645 989 reperiri
669 898 876 966 commodae
906 918 990 989 pos-
1040 895 1132 964 varii
1153 889 1315 964 historici
1339 919 1379 964 ac
1394 887 1621 984 Theologici,
1637 899 1740 968 ‚adeo
1756 911 1798 969 nt
1811 893 2034 975 Taubenlse-

107 1026 219 1096 eaque
235 1000 275 1071 in
290 1025 329 1071 re
343 1025 458 1071 meam
472 999 539 1070 tibi
555 1022 699 1090 operam
714 998 896 1089 polliceor,
922 996 990 1065 sic·
1040 992 1138 1065 mius
1149 1009 1270 1093 postea
1287 996 1438 1082 diceret,
1462 1019 1529 1067 nos
1546 1020 1586 1066 eo
1604 998 1664 1067 die
1677 999 1777 1070 velut
1790 1001 1828 1069 in
1844 1003 1949 1094 longa
1968 1023 2034 1099 pe-

91 1129 121 1174 n
140 1099 198 1173 his
220 1103 427 1193 regionibus
446 1102 487 1170 in
510 1101 704 1172 emtionem
731 1099 899 1169 collocari
925 1122 989 1190 pe·
1039 1098 1279 1198 regrinatione
1311 1098 1440 1168 multas
1473 1111 1589 1168 terras·
1603 1101 1845 1191 peregrinatos
1868 1128 1958 1191 esse,
1993 1133 2033 1180 ac

91 1231 135 1275 im
160 1204 343 1298 placuerit.
371 1198 567 1296 οἰκονομία
588 1201 704 1297 qualis
724 1202 797 1273 sere
815 1202 860 1270 sit
878 1200 988 1281 vides,
1039 1201 1178 1273 coelum
1204 1198 1322 1292 ipsum
1349 1200 1489 1274 adiisse.
1544 1198 1632 1271 Post
1654 1227 1810 1293 mensam
1834 1203 2034 1281 Dominum

91 1309 146 1378 ud
160 1306 305 1401 quidem
320 1305 539 1376 Hesiodeum
561 1302 774 1388 attenditur,
807 1297 867 1387 snt
885 1299 989 1373 πυθ-
1038 1301 1231 1379 Doctorem
1262 1302 1338 1394 ipse
1362 1300 1534 1395 Princeps
1561 1304 1708 1373 deduxit
1738 1309 1783 1376 ad
1812 1331 2034 1400 puerperam,

141 1406 265 1498 Quare
281 1411 325 1490 de
347 1420 420 1479 tota
443 1433 480 1478 re
502 1408 696 1479 etiamnum
718 1404 989 1476 deliberandum
1039 1404 1169 1474 deinde
1189 1405 1402 1474 monstravit
1424 1427 1536 1475 novas
1556 1405 1829 1483 aedificationes.
1892 1408 2033 1489 Dml).

91 1536 234 1596 censeo,
263 1511 365 1579 lacile
386 1509 625 1602 reperientur,
657 1506 688 1576 si
709 1506 824 1593 voles,
858 1505 921 1601 qui
942 1503 989 1573 li·
1039 1505 1275 1577 adscendebat
1295 1506 1334 1575 in
1347 1506 1556 1577 altissimum
1571 1507 1681 1578 turris
1695 1510 1886 1601 fastigium.
1935 1511 2034 1586 Haec

91 1638 119 1684 er
141 1613 280 1684 usitatis
300 1612 436 1702 legibus
461 1611 647 1703 pecuniam
671 1609 775 1680 istam
803 1609 988 1700 recipiant.
1039 1609 1144 1678 nobis
1166 1632 1208 1678 co
1228 1608 1383 1679 iucunda
1405 1610 1567 1694 luerunt,
1594 1610 1678 1704 quia
1693 1610 1902 1706 etPrineipi
1917 1629 1952 1685 et
1965 1627 2033 1688 no-'

91 1739 186 1788 amen
203 1715 288 1808 quid
304 1713 381 1785 fieri
395 1714 482 1784 velis
495 1708 585 1782 mihi
601 1700 814 1804 significato,
836 1724 871 1782 et
885 1734 932 1780 an
948 1709 986 1777 in
1038 1711 1094 1780 bis
1121 1706 1214 1780 hanc
1245 1706 1460 1781 bilaritatem
1491 1705 1550 1780 his
1574 1713 1794 1805 temporibus
1819 1716 2034 1807 grandabar.

91 1818 227 1907 negotio
251 1816 540 1888 contendendum
567 1837 640 1885 esse
666 1836 821 1907 remeas.
884 1808 988 1881 Nosti
1037 1811 1230 1907 Postquam
1254 1808 1324 1884 bue
1346 1835 1508 1882 reversus
1532 1835 1628 1899 sum,
1667 1816 1826 1887 intellexi
1854 1835 2032 1892 certamen

92 1918 126 1987 ia
158 1921 412 2011 plerorumque
449 1915 664 1988 alienissima
702 1939 776 1986 esse
806 1940 826 1984 a
856 1916 988 1985 nostris
1038 1917 1084 1984 de
1098 1914 1305 1985 venditione
1320 1915 1462 1986 aedium
1477 1938 1653 1986 novarum
1670 1913 1899 2002 Academiae,
1933 1928 2033 2016 quod

91 2022 155 2091 bus
177 2035 353 2114 quaerunt
374 2032 509 2090 certum
533 2041 661 2111 operae
682 2039 811 2105 genus,
844 2010 914 2086 hoc
937 2027 988 2084 est
1039 2029 1114 2086 erat
1144 2031 1305 2088 exortum
1335 2029 1429 2089 ante·
1448 2029 1550 2087 tuum
1572 2019 1764 2089 discessum
1785 2021 1899 2095 multo
1924 2020 2033 2096 vehe-

91 2146 150 2196 rm.
210 2119 368 2212 Expecto
391 2134 469 2192 tuas
492 2122 637 2192 litteras.
670 2114 720 2190 τὰ
739 2110 987 2191 Μακεδονικὰ
1037 2119 1195 2196 mentius
1210 2118 1446 2203 inflammari,
1477 2120 1592 2212 deque
1613 2144 1654 2190 eo
1669 2124 1812 2212 negotio
1830 2121 1937 2196 bodie
1953 2129 2032 2219 opi-

91 2219 239 2296 ιιι-νυνὶ
257 2219 277 2294 d
292 2218 382 2304 θεὸς
387 2275 399 2308 ,
431 2237 472 2294 ut
485 2223 720 2316 speravimus,
752 2223 816 2293 sed
838 2221 914 2290 eius
933 2219 988 2288 rei
1038 2242 1107 2289 nor
1121 2234 1381 2291 conventurum
1391 2220 1563 2292 Senatum
1571 2218 1794 2298 Academiae.
1831 2223 1929 2297 Mihi
1945 2252 2032 2301 con-

91 2351 114 2395 a
151 2327 315 2395 nondum
350 2338 491 2419 peracta
526 2339 578 2395 est
612 2338 696 2395 tota.
759 2321 860 2392 Bene
895 2322 987 2395 vale.
1038 2319 1160 2393 cordia
1183 2335 1304 2392 nostra
1326 2322 1452 2394 utilior
1473 2323 1549 2392 visa
1570 2323 1640 2394 luit
1659 2325 1732 2395 illis
1750 2330 1942 2402 ruderibus
1957 2355 2032 2403 ser-

92 2452 151 2497 on.
169 2424 335 2517 Augusti.
1037 2424 1139 2497 vatis.
1190 2423 1262 2496 Sed
1280 2424 1368 2518 quid
1385 2425 1548 2495 futurum
1568 2425 1633 2511 sit,
1666 2431 1828 2500 nondum
1851 2432 1941 2502 scio:
1975 2427 2031 2505 res

740 2519 937 2609 Φίλιππος.
1038 2526 1157 2616 agitur
1180 2527 1292 2616 magis
1317 2528 1452 2618 impetn
1477 2526 1680 2599 animorum
1714 2545 1751 2602 et
1775 2533 1886 2618 odiis,
1921 2559 2031 2628 quam

1039 2627 1158 2698 studio
1178 2627 1340 2720 publicae
1357 2627 1531 2702 utilitatis.
1884 2690 1889 2701 ,
1951 2710 1954 2717 Ι

1137 2727 1280 2823 Lipsiae
1311 2731 1497 2802 excuditur
1522 2727 1629 2802 Bulla
1656 2730 1852 2806 Pontificio
1865 2761 1959 2810 nova
1987 2743 2032 2812 de

91 2831 188 2902 taos,
354 2827 358 2833 ’
858 2835 914 2913 (h.
930 2834 977 2913 t.)
1039 2830 1185 2925 Synodo
1202 2831 1408 2918 Trieutina‚
1437 2847 1473 2903 et
1491 2833 1599 2903 audio
1615 2835 1781 2929 scriptam
1793 2840 1908 2911 multo
1930 2868 2031 2914 vere-

264 2973 266 2977 .
747 2933 749 2937 ’
1040 2935 1209 3019 condius,
1235 2958 1340 3027 quam
1356 2935 1425 3004 fuit
1443 2935 1503 3004 illa
1520 2936 1638 3025 prior:
1670 2940 1732 3008 sed
1755 2942 1917 3013 nondum
1940 2946 2028 3022 vidi.

386 2999 423 3081 Ῑ·
454 2997 599 3081 Ῑοηαθ·
1038 3034 1093 3104 De
1107 3033 1256 3106 Caesare
1271 3049 1307 3106 et
1322 3032 1429 3105 Gallo
1447 3031 1540 3105 nihil
1561 3031 1733 3109 habemus
1753 3044 1858 3129 certi,
1886 3048 1947 3114 sed
1965 3072 2031 3139 pa—
2096 3081 2100 3087 ·

115 3163 200 3236 Epist.
213 3163 263 3218 tib.
280 3158 314 3213 v.
330 3179 358 3232 p.
375 3161 424 3216 117
435 3178 499 3233 sqq.
1039 3161 1113 3206 cem
1131 3139 1293 3208 nondum
1308 3160 1383 3207 esse
1396 3138 1607 3229 perlectam,
1632 3164 1674 3210 cx
1688 3143 1811 3213 multis
1827 3146 1937 3236 signis
1951 3150 2031 3219 ani-

383 3276 385 3289 ·
1039 3240 1240 3324 madverto,
1280 3237 1417 3308 etiarnsi
1444 3240 1538 3330 apud
1567 3263 1649 3326 vos,
1687 3245 1834 3336 opinor,
1872 3250 1935 3318 alii
1958 3251 2040 3322 iam¹

322 3313 349 3388 Ῑ
358 3344 408 3417 ,⁸⁸
417 3327 461 3388 ¹⁰
503 3314 591 3389 1'0'1
601 3343 650 3388 Μ
1039 3355 1148 3431 agunt
1161 3336 1374 3434 triumphos.
1423 3337 1478 3411 De
1493 3346 1636 3433 negotio
1650 3340 1945 3438 Principum,'de
1958 3376 2030 3447 quo

91 3467 109 3534 l,
162 3455 270 3546 Quod
294 3455 407 3527 ternis
427 3455 500 3522 iam
519 3453 648 3524 litteris
669 3478 726 3523 me
755 3454 801 3524 ad
829 3453 988 3525 scriben.
1038 3439 1154 3513 isthuc
1168 3444 1336 3534 litigant,
1354 3437 1597 3530 nibilhabeo,
1623 3448 1719 3540 quod
1733 3449 1898 3526 scribam.
1931 3449 2030 3526 Con.

101 3559 316 3652 provocasti,
348 3579 499 3646 agnosco
523 3580 681 3625 amorem
704 3578 784 3645 erga
800 3580 857 3625 me
873 3570 987 3643 tunm,
1037 3560 1165 3617 ventus
1178 3545 1388 3636 Principum
1398 3536 1436 3640 *)
1451 3546 1543 3617 sitne
1558 3571 1803 3638 processurus,
1834 3555 1970 3647 etquid
1985 3559 2031 3630 sit

91 3687 130 3732 ue
148 3662 297 3751 gratiam
312 3654 448 3744 habeo,
474 3684 514 3729 ac
529 3660 633 3727 valde
650 3657 822 3748 optarim,
848 3683 905 3728 me
919 3659 987 3730 tibi
1038 3650 1236 3738 pariturus,
1273 3662 1394 3739 postea
1427 3647 1638 3721 videbimus.
1696 3650 1772 3723 Nos
1805 3661 2031 3729 commende-

91 3759 152 3834 odi
172 3764 282 3851 alege
299 3762 496 3830 satisfacere
511 3784 632 3853 posse,
662 3756 767 3855 adegi
786 3764 842 3855 τῷ
861 3757 986 3858 μέτρῳ
1038 3773 1117 3820 mus
1141 3751 1288 3820 salutem
1304 3747 1475 3842 Reipubl.
1489 3749 1567 3822 Deo
1589 3751 1661 3843 piis
1682 3755 1786 3829 votis.
1838 3753 2030 3830 lnhibitio-

91 3859 207 3950 λήϊον,
242 3866 339 3957 quod
363 3864 521 3955 prolecto
544 3863 695 3932 facerem
717 3864 987 3935 nonorationi,
1038 3876 1119 3920 nem
1136 3852 1202 3921 scis
1222 3852 1366 3921 allatam
1387 3874 1477 3938 esse,
1508 3854 1656 3923 nomine
1669 3853 1844 3942 Caesaris,
1870 3883 1915 3929 ne
1932 3863 2031 3933 arbi-

91 3982 157 4038 iet
182 3967 389 4059 splendore,
430 3989 502 4059 quo
523 3978 564 4034 tu
585 3966 691 4055 longe
713 3965 828 4034 vincis
851 3990 986 4048 omnes,
1039 3954 1084 4024 trl
1100 3954 1359 4046 pronuncient,
1391 3954 1447 4037 id,
1480 3979 1551 4048 quo
1570 3957 1699 4025 animo
1716 3958 1889 4051 accipiant
1911 3958 2030 4035 homi·
2138 4020 2142 4029 .

92 4070 292 4152 ssiduitate,
319 4068 348 4136 si
365 4081 479 4138 certos
494 4063 663 4137 haberem
678 4067 897 4152 tabellarios,
924 4069 986 4163 qui
1038 4078 1120 4141 nes,
1151 4055 1191 4125 in
1205 4050 1272 4125 bac
1288 4069 1389 4148 parte
1404 4055 1506 4124 facile
1519 4071 1619 4149 potes
1635 4057 1808 4135 divinare.
1858 4062 2031 4152 Libellus,

91 4171 315 4262 :flagitarent
334 4169 465 4242 literas.
523 4167 606 4239 Non
629 4169 725 4237 enim
747 4170 866 4239 scn‘bo
881 4194 986 4263 repo-
1038 4180 1144 4251 quem
1167 4156 1372 4241 scribimus,
1412 4158 1576 4227 nondum
1599 4162 1794 4232 excudilut·
1858 4163 1950 4237 Nam
1972 4196 2029 4241 me

91 4296 128 4344 ὃ,
144 4273 262 4356 domi,
287 4284 328 4341 ut
343 4272 406 4341 diu
419 4284 603 4363 expectent
618 4271 781 4345 nuncios,
829 4267 911 4341 Etsi
922 4299 986 4344 au.
1037 4260 1134 4329 rixae
1150 4261 1196 4329 de
1211 4259 1416 4328 venditione
1431 4259 1492 4328 illa
1508 4262 1595 4329 adeo
1612 4264 1839 4352 perturbant,
1862 4283 1903 4339 ut
1924 4272 2029 4342 etiam

91 4390 164 4469 post
187 4389 287 4445 tuum
311 4373 504 4442 discessum
526 4368 619 4441 nihil
639 4366 699 4440 hic
719 4388 916 4445 memoratu
929 4376 987 4445 di·
1039 4362 1154 4431 Studia
1171 4361 1292 4431 omnia
1306 4362 1351 4431 de
1365 4361 1531 4431 manibuss
1552 4364 1738 4438 excutiant·
1789 4363 1839 4438 El
1855 4408 1907 4424 -
1927 4398 2031 4464 prae-

91 4477 270 4548 raccidit:
312 4490 430 4544 tamen
454 4499 537 4546 cum
558 4473 603 4543 sit
620 4477 811 4546 πολιτικοῦ
835 4471 984 4574 ἀνδρὸς,
1037 4464 1206 4533 falifflleffl
1225 4458 1281 4532 his
1297 4463 1424 4535 dlebm
1439 4462 1590 4539 inslitui·

91 4581 161 4648 rin
182 4577 390 4667 vulgaribus
410 4579 518 4647 rebus
534 4590 714 4646 momenta
729 4577 904 4649 maiorum
919 4604 986 4649 ne-
1137 4564 1328 4655 Negotium
1350 4565 1530 4651 mulieris,
1572 4567 1615 4636 de
1638 4592 1709 4661 quo
1737 4571 1924 4663 scripsisti,
1964 4580 2031 4653 erit

91 4705 169 4752 rum
185 4680 427 4763 considerare,
439 4679 602 4748 scribam
618 4678 837 4769 quotidiana,
1036 4661 1128 4735 mibi
1142 4690 1263 4752 curae,
1295 4690 1376 4737 cum
1396 4668 1529 4739 redibit
1550 4692 1700 4760 praeses.
1755 4669 1820 4743 Est
1835 4677 1930 4746 enim
1945 4682 2031 4771 pro-

92 4782 163 4854 Dn.
177 4780 222 4853 D.
233 4772 486 4876 Martinus*)
503 4773 792 4872 nuperTorgam
810 4782 987 4873 profectus
1036 4765 1335 4875 feclUSTOfgm
1370 4767 1494 4853 credo,
1528 4783 1569 4840 Ul
1591 4772 1684 4842 adsit
1708 4771 1746 4841 i¹¹
1766 4796 1916 4870 pompa,
1948 4806 2033 4851 cum

91 4907 302 4976 „loqueum
319 4907 360 4951 ρο
379 4907 497 4952 secum
514 4883 673 4954 abduxit,
704 4881 778 4951 Nec
795 4897 866 4968 est,
882 4886 986 4977 ,qu9d
1037 4894 1078 4938 eo
1101 4872 1239 4940 venerit
1260 4863 1544 4962 LandgraviuS.
1607 4869 1727 4945 Habes
1751 4891 1873 4949 nostra
1889 4885 2030 4959 omnia.

91 4988 134 5056 ris
168 4985 326 5055 subitum
361 4986 446 5066 iter,
487 4984 664 5074 privatum
692 4980 891 5073 negotium
906 4985 986 5060 fuit.
1024 4970 1183 5071 „Namffi
1198 4970 1330 5042 N⁰ri⁶⁰
1347 4985 1427 5062 l³⁰⁵t
1448 4986 1551 5043 tuum
1576 4975 1767 5046 discessum
1788 4975 1883 5053 nihil
1906 4983 2030 5058 lilera'·

91 5103 153 5160 tus
184 5087 280 5155 enim
312 5111 332 5155 a
359 5083 514 5166 Doctore
537 5079 792 5178 Sucidacvino,
834 5099 876 5156 ut
905 5111 986 5159 eum
1035 5098 1118 5145 rum
1135 5075 1263 5166 accepi.
1313 5071 1412 5143 Bene
1427 5076 1516 5148 vale·
1598 5080 1606 5101 ’

91 5190 151 5283 :ipi
167 5213 285 5259 coram
306 5190 595 5281 commendaret,
623 5187 691 5257 iter
712 5187 804 5258 illud
825 5186 998 5283 suscepit
1310 5194 1316 5213 ¹
1576 5250 1578 5255 .
1671 5223 1673 5229 ’
1776 5177 1977 5280 Philippus.

91 5396 137 5451 ua.
149 5394 262 5451 nuclea
275 5393 353 5466 epra.
367 5391 403 5447 aa
416 5393 563 5464 aarum
576 5408 653 5447 suan
669 5392 695 5446 a.
709 5392 752 5449 as.
764 5393 819 5452 ιιι.
831 5392 910 5455 assa.
1069 5334 1420 5463 'lggssffgmffss‘ffl‘l
1433 5335 1494 5392 ⁸¹¹·
1507 5332 1657 5431 uersa,
1677 5339 1725 5410 qua
1738 5336 1846 5414 Teme
1863 5343 1917 5403 soe
1936 5366 2028 5405 mense

92 5501 171 5542 rrn.
185 5474 289 5541 Orrn.
310 5472 394 5537 Vos.
412 5470 455 5536 11.
482 5465 493 5484 '
1146 5473 1198 5549 50
