4522 5760
130 176 210 261 189

171 408 174 419 Ι
234 344 331 421 egisse.
359 344 472 415 ilde'rd
492 363 568 401 uees
581 344 702 419 epistolis
714 345 856 401 means
865 343 900 399 ad
911 342 1120 399 Melantbooeoa

195 436 198 441 ·
233 416 317 499 ‘qnae
331 365 500 469 infermi.
513 414 574 468 lolii
586 424 613 469 et
626 413 654 468 d.
670 416 695 469 1.
708 416 752 467 Αιι
773 412 876 467 .babes
909 412 972 467 ratis
991 428 1120 482 persprcr,

233 500 291 539 sam
314 482 343 537 in
368 482 433 555 ipsis
449 480 569 537 comitiis
586 481 727 553 epistolam
779 480 931 536 elantlronis
948 478 982 533 ad
1002 479 1121 548 Canrpe·

235 550 311 623 giunr
351 548 449 605 iered.
462 551 489 605 6.
503 552 555 607 1ιιΙ.
568 552 701 623 scriptam¹
709 550 843 619 adfuisse,
862 568 932 621 quae
948 548 1122 619 Evangelieos

234 618 309 673 offen
328 627 401 685 eret,
438 620 515 675 cuius
546 634 645 691 apogra
666 619 721 674 bon
749 618 889 689 Teupolus
912 614 1038 669 Venetiae
1065 613 1119 667 mi-

234 696 316 743 serat.
332 714 366 729 ·-
402 684 487 755 Quod
501 688 534 741 ad
548 706 592 740 me
605 696 716 755 attinet,
738 696 805 758 puto
818 685 959 758 epistolam
975 682 1121 756 genuinam

235 772 304 810 esse.
336 754 375 807 Er
388 752 472 809 altera
486 755 520 809 ad
534 754 713 825 Campegium
726 754 823 810 eodem
838 754 882 807 die
895 752 995 822 scripta
1009 750 1121 823 epistola

235 821 407 895 inteffigitur,
422 820 566 897 Principes
577 822 759 895 Evangelicos
769 823 842 895 ipsos
855 820 983 886 uoluisse,
999 832 1030 873 ut
1042 818 1121 873 tbeo·

236 888 294 960 logi
313 889 464 971 evangelici
483 910 547 946 cum
565 890 715 961 Campegio
732 898 853 961 agerent.
887 888 1048 943 Melantbon
1068 886 1122 957 igi·

236 968 283 1011 tur
294 958 360 1013 milri
375 960 499 1026 sedetur,
526 970 631 1043 praeter
644 960 719 1013 illam
733 976 815 1030 quam
829 976 893 1011 cum
911 956 1023 1039 reliquis
1042 954 1121 1010 tbeo·

235 1026 306 1095 logis
319 1026 467 1099 Campegio
487 1028 593 1099 scripsit
613 1026 773 1099 epistolam,
797 1035 824 1079 et
840 1025 911 1079 banc
922 1027 955 1078 ad
973 1026 1050 1077 illum
1069 1023 1122 1077 mi·

236 1094 322 1165 sisse,
338 1094 368 1176 ip
381 1113 435 1167 qua
448 1093 473 1147 ei
486 1096 614 1175 privatim
627 1104 771 1167 erponeret
781 1112 858 1148 suam
872 1092 1035 1147 seutentiam
1049 1092 1121 1174 eius·

235 1180 435 1311 lltdtllt
447 1163 575 1315 11.ξὲἕέ
577 1163 888 1287 “ἴ.“ιῖ.’“..1ἶέὲὲἷιῗ.’ὲῖῗῗ
890 1162 1123 1300 &iiiiii-¹

237 1298 449 1370 clesuronraua,
462 1311 489 1353 et
502 1250 694 1384 impedimenta
707 1298 871 1355 concordiae
885 1317 941 1351 non
956 1309 1010 1351 tam
1025 1299 1053 1351 in
1068 1298 1122 1351 do·

236 1368 374 1449 paratibus
385 1387 468 1437 quam
481 1367 510 1421 iu
524 1369 622 1423 ritibus
635 1369 675 1436 (in
689 1367 788 1432 missa,
805 1376 918 1437 utraque
931 1366 1037 1437 specie,
1053 1384 1124 1422 con-

170 1436 178 1443 '
237 1437 314 1507 rugio
327 1437 514 1509 sacerdotum,
538 1438 606 1491 sotis
625 1435 795 1505 monasticis)
816 1434 976 1507 quaerebat,
998 1436 1124 1507 putabat·

143 1532 147 1539 ·
239 1522 294 1574 que
307 1504 452 1583 utileesse,
469 1505 685 1559 iurisdictionem
699 1502 913 1585 Episcoporum,
929 1502 1051 1625 adeoque
1066 1502 1126 1556 llo-

238 1571 315 1627 mani
333 1570 463 1643 Episcopi
484 1574 511 1627 in
530 1573 706 1643 Evangelieos
723 1580 825 1627 aterum
846 1572 959 1626 restitui.
1024 1571 1126 1626 imilem

237 1640 297 1693 l'ere
314 1658 329 1694 e
350 1640 458 1695 istolam
473 1640 660 1696 lllelantbonis
678 1640 711 1695 ad
725 1638 905 1695 secretarium
919 1638 1058 1711 Campegii
1076 1640 1124 1695 ba·

235 1706 307 1763 ises‘
384 1706 451 1764 dt.
465 1710 579 1779 Augusti
593 1712 731 1783 scriptam.

132 1858 550 1937 Reverendissimo
575 1858 840 1937 Cardioali
864 1856 1128 1963 Campegio,

379 1960 563 2065 Legoto
593 1960 885 2067 Pontificio,

133 2080 179 2171 S.
202 2098 250 2171 D.
297 2099 608 2175 Reverendissime
621 2101 787 2175 Domine.
838 2100 931 2173 Cum
946 2100 1129 2193 praedica·
1193 2154 1196 2159 .

133 2202 235 2275 tione
249 2204 447 2287 maritorum
469 2201 686 2302 bonorum¹)
710 2206 870 2275 virorum
893 2201 1130 2293 cognoverim,

133 2300 239 2377 Μ).
247 2300 293 2376 Τ.
309 2298 677 2401 [Reverendissimam
685 2302 975 2375 Domiuatiouem
989 2298 1127 2401 Tuam]

133 2404 418 2495 inamplissimis
434 2402 652 2492 honoribus,
687 2420 721 2477 et
744 2407 785 2476 in
805 2400 915 2500 boc¹)
936 2428 1058 2473 rerum
1076 2406 1130 2473 la-

134 2504 243 2597 stigio
259 2529 397 2575 summa
413 2510 467 2577 uti
477 2506 507 2603 ³)
521 2508 785 2593 moderatione,
810 2507 982 2576 adductus
998 2528 1075 2574 sum
1091 2506 1128 2573 in

135 2628 257 2701 epm,
280 2608 376 2693 sore,
400 2622 443 2680 ut
456 2608 503 2683 R.
518 2608 563 2683 D.
579 2609 624 2680 Τ.
645 2633 757 2703 aequo
780 2608 899 2677 animo
921 2607 1041 2677 literas
1063 2630 1131 2685 no,-

136 2712 230 2779 slret
246 2708 389 2798 legeret.

239 2804 476 2881 Verissimum
505 2824 573 2897 est,
613 2813 710 2906 quod
729 2809 832 2883 Plato
858 2810 995 2880 scribit:
1038 2807 1131 2880 nibil

135 2908 351 3003 optabilius,
385 2909 478 2983 nibil
498 2913 644 2998 melius,
677 2909 771 2983 nihil
793 2912 952 2982 divinius
973 2913 1131 2981 accidere

135 3006 348 3083 bominibus
361 3037 478 3104 posse,
510 3040 616 3107 quam
638 3016 669 3082 si
684 3015 730 3083 sit
744 3014 783 3081 iu
800 3013 950 3104 imperio
969 3036 1048 3081 eum
1065 3037 1132 3104 po-

137 3112 252 3203 tentia
276 3114 467 3185 coniuncta
496 3106 678 3207 sapientia.
744 3114 864 3203 Quare
893 3113 1015 3199 initio,
1050 3139 1131 3185 eum

100 3250 111 3270 ·
138 3206 255 3309 buc⁴)
270 3213 495 3312 afferetur⁸),
522 3214 627 3289 lto.
641 3214 685 3287 Τ.
708 3216 851 3285 missam
874 3238 946 3284 esse
966 3216 1011 3283 acl
1035 3210 1131 3285 hune

120 3364 124 3371 -
139 3328 376 3401 conventum,
405 3332 446 3387 ut
462 3318 593 3387 arbiter
607 3331 641 3386 et
656 3317 869 3408 disceptator
883 3327 972 3385 esset
988 3331 1132 3385 contro-

138 3414 339 3487 uersiarum
351 3418 537 3507 religionis
545 3414 596 3512 ⁶),
618 3418 723 3487 multi
740 3414 867 3511 boni²)
884 3418 953 3486 viri
967 3418 1132 3507 gratulati

139 3528 226 3587 sunt
248 3510 341 3589 banc
360 3519 563 3590 felicitatem
586 3516 818 3604 Germaniae,
850 3520 947 3611 quod
968 3517 1033 3587 tali
1054 3520 1130 3588 viro

140 3616 298 3709 cognitio
324 3620 557 3691 maximarum
585 3644 704 3691 rerum
729 3621 972 3690 commendata
981 3612 1011 3711 ⁸)
1032 3634 1132 3705 esset,

140 3718 205 3813 qui
226 3740 304 3789 non
326 3721 444 3791 solum
464 3722 655 3812 dignitate,
693 3720 754 3789 sed
784 3714 929 3817 etiam⁹)
959 3722 1131 3812 sapientia

140 3820 232 3891 alios
246 3814 411 3892 homines
426 3822 660 3895 antecelleret.
711 3818 786 3891 lam
810 3820 897 3892 olim
920 3822 1016 3893 euim
1037 3825 1131 3893 lama

140 3920 335 4015 sapientiae
365 3938 447 3995 tuae
469 3924 671 3994 universam
693 3918 923 3993 Germaniam
947 3938 1131 4015 pervagata

139 4018 203 4097 e'st.
247 4018 349 4115 ¹Ego
370 4026 478 4115 igitur
500 4050 581 4103 cum
604 4024 857 4109 existimarem,
891 4022 938 4097 R.
959 4022 1005 4097 D.
1026 4024 1070 4096 T.
1093 4026 1133 4095 in

139 4122 208 4194 ista
232 4126 403 4217 sapientia
422 4150 531 4219 quam
560 4126 711 4194 maxime
736 4148 755 4195 a
783 4124 950 4193 violentis
977 4128 1133 4196 consiliis

139 4220 353 4311 abhorrere,
385 4228 472 4297 duxi
484 4229 530 4296 ad
549 4226 595 4300 R.
610 4225 655 4299 D.
672 4224 718 4297 Τ.
734 4225 962 4296 scribendum
977 4250 1069 4312 esse,
1093 4242 1134 4297 ut

139 4338 174 4397 et
196 4350 266 4397 nos
285 4328 499 4423 intelligeret
517 4329 621 4397 unice
644 4326 792 4418 sarpidus
811 4350 884 4398 esse
906 4329 1001 4419 pa'cis
1027 4343 1133 4423 atque

161 4564 208 4633 '1>
224 4566 362 4619 &mmm
375 4580 433 4621 nou
445 4562 524 4617 babet
535 4560 622 4617 Mani.

155 4644 202 4719 ’1)
219 4646 294 4705 etin
305 4642 360 4703 tae
375 4650 405 4702 in
418 4646 506 4701 Mani.
520 4664 579 4701 nou
593 4646 730 4719 leguntur.
770 4678 773 4683 ·

171 4732 281 4805 ιγιω
294 4734 352 4801 aar,
366 4750 393 4787 e.
409 4730 468 4785 aso
482 4732 583 4788 mma.

171 4820 275 4889 sm
288 4813 442 4873 sanuses
456 4814 534 4871 esa.

159 4908 206 4975 ‚sl
226 4900 584 4969 coarmaaaaosama.
666 4954 685 4965 ,,

172 4990 301 5061 meoet.
320 4996 348 5041 et
367 4984 430 5041 cod.
448 4984 505 5038 188.
528 5002 586 5037 nou
607 4982 721 5039 habente
749 4989 1021 5050 controuersiarum
1045 4986 1132 5042 Mani.

210 5076 268 5115 nou
282 5056 362 5111 babet
374 5054 526 5121 religionis.

171 5146 201 5215 7)
220 5145 289 5199 doni
301 5160 358 5195 nou
371 5140 453 5194 babet
468 5136 555 5191 Mani.

171 5232 204 5299 8)
223 5228 302 5287 Coei.
317 5222 471 5281 etc168.s
490 5223 654 5277 eomms'sso.

171 5316 202 5387 9)
219 5314 276 5371 Pro
288 5312 396 5378 etiam,
412 5304 491 5362 caet.
505 5314 533 5359 et
544 5324 568 5359 c.
586 5306 645 5363 168.
656 5306 747 5359 multo
758 5308 859 5376 mque.
916 5342 921 5353 .

137 5396 317 5473 Decurre.
333 5386 439 5453 Orsa.
462 5384 548 5449 vor..
563 5382 607 5452 11.

721 172 1160 253 EPISTOLARUM
1209 174 1389 256 ΜΒΝ.
1443 180 1576 256 1580.

2088 170 2165 253 170

1073 408 1107 423 ..
1159 346 1403 432 concordiae,
1436 372 1502 419 nee
1529 342 1723 421 detrectare
1743 338 1858 420 ullam
1882 347 2104 420 tolerabilem
2118 344 2163 443 ιο)

1173 447 1409 546 faciundae¹¹)
1434 452 1530 543 pacis
1550 452 1804 526 conditionem.
1863 448 2000 541 Dogma
2021 450 2163 519 nullum

1174 545 1345 621 habemus
1365 552 1545 621 diversum
1564 554 1610 623 ab
1628 550 1786 622 Ecclesia
1801 549 1975 625 Romana.
2026 549 2165 621 Multos

1176 652 1282 722 etiam
1304 653 1551 744 repressimus,
1586 657 1681 745 quod
1705 653 1899 746 peruiciosa
1921 655 2084 743 dogmata
2107 674 2164 721 se-

1175 777 1251 823 rere
1265 754 1383 823 conati
1395 769 1495 839 suut,
1527 753 1628 824 carius
1643 754 1696 825 rei
1713 769 1831 826 extant
1848 754 1987 845 publica
2005 753 2164 823 testimo-

1175 856 1246 927 nia.
1303 854 1423 924 Parati
1454 879 1575 926 sumus
1601 857 1747 927 obedire
1772 853 1949 926 Ecclesiae
1969 854 2165 938 Romanae,
2206 936 2210 943 ι
2247 848 2250 863 “

1175 956 1282 1024 modo
1304 970 1345 1025 ut
1367 954 1429 1025 illa
1448 982 1513 1049 pro
1533 982 1597 1028 sua
1612 958 1815 1041 clementia,
1849 982 1916 1051 qua
1933 980 2069 1047 semper
2084 978 2164 1047 erga
2192 974 2205 991 ·

1176 1079 1299 1125 omnes
1323 1070 1442 1147 gentes
1464 1082 1527 1127 usa
1551 1073 1622 1143 est,
1654 1083 1765 1150 pauca
1790 1062 1960 1152 quaedam
1983 1058 2039 1126 vel
2062 1057 2166 1127 dissi-

1176 1158 1296 1239 mulet,
1322 1159 1380 1227 vel
1394 1161 1537 1244 relaxet,
1562 1186 1652 1254 quae
1667 1162 1737 1229 iam
1754 1174 1889 1231 mutare
1900 1155 1942 1255 ¹²)
1959 1182 2004 1227 ne
2021 1158 2165 1251 quidem

1176 1259 1206 1327 si
1222 1258 1372 1329 velimus
1390 1285 1569 1354 queamus.

1277 1360 1401 1455 Neque
1423 1364 1529 1431 fidem
1551 1358 1679 1433 habeat
1699 1359 1748 1433 R.
1763 1359 1808 1434 D.
1824 1360 1869 1433 Τ.
1892 1359 2077 1429 malevolis
2099 1382 2167 1427 no-

1177 1464 1277 1548 stris,
1319 1463 1382 1556 qui
1406 1460 1666 1560 nostrorum¹³)
1688 1464 1816 1553 scripta
1845 1462 2008 1530 scelerate
2038 1463 2166 1551 depra-

1178 1578 1263 1633 vant
1288 1578 1322 1634 et
1339 1561 1583 1661 affingunt¹⁴)‚
1617 1565 1793 1659 quidquid
1809 1564 1951 1632 videtur
1964 1565 2008 1631 ad
2025 1562 2167 1630 inflam-

1179 1666 1304 1735 manda
1321 1666 1463 1757 publica
1477 1667 1560 1738 odia
1585 1692 1728 1759 quoquo
1747 1666 1856 1734 modo
1877 1666 1990 1732 faeere
2004 1658 2056 1755 ¹⁵).
2073 1688 2082 1699 ··
2105 1660 2166 1733 Ad

1179 1762 1263 1837 baec
1279 1762 1436 1837 Romani
1450 1766 1633 1838 Pontificis
1648 1768 1890 1839 auctoritatem
1911 1778 1945 1834 et
1963 1764 2167 1833 universam

1179 1868 1340 1960 politiam
1357 1870 1622 1940 ecclesiasticam
1638 1882 1839 1937 reverenter
1860 1867 2028 1950 colimus,
2059 1865 2167 1937 modo

1179 1994 1245 2039 nos
1263 1992 1338 2038 non
1354 1970 1497 2039 abiiciat
1509 1970 1695 2043 Romanus
1709 1967 1886 2041 Pontifex.

1280 2068 1372 2141 Cum
1388 2085 1505 2141 autem
1525 2070 1712 2143 concordia
1734 2070 1836 2139 facile
1859 2066 1970 2161 possit
1989 2065 2169 2149 constitui,

1180 2171 1211 2239 si
1226 2172 1384 2265 aequitas
1398 2187 1512 2244 vestra
1526 2173 1648 2265 paucis
1665 2171 1704 2239 in
1718 2170 2033 2252 rebuscouniveat,
2057 2180 2170 2257 coppos

1179 2274 1362 2343 bonafide
1386 2275 1624 2344 obedientiam
1648 2274 1855 2356 reddamus,
1888 2292 2059 2365 quorsum
2080 2292 2170 2361 opus

1180 2386 1252 2457 est,
1278 2375 1450 2465 supplices
1468 2374 1643 2445 abiicere?
1674 2396 1844 2466 quorsum
1861 2395 1949 2462 opus
1966 2385 2017 2440 est
2033 2370 2171 2461 suppli·
2200 2362 2203 2369 ’

1181 2497 1236 2542 ces
1256 2475 1350 2544 ferro
1366 2489 1400 2546 et
1417 2476 1497 2565 igne
1513 2469 1753 2568 persequii¹⁶)
1802 2468 1898 2542 Mihi
1923 2496 1997 2541 nou
2019 2472 2170 2541 dubium

1181 2589 1252 2659 est,
1282 2576 1372 2669 quin
1385 2576 1436 2653 R.
1446 2577 1491 2651 D.
1507 2577 1552 2651 Τ.
1570 2579 1671 2647 ιιιιΙΙο
1693 2576 1800 2645 modo
1824 2575 2017 2667 probatura
2040 2572 2085 2642 sit
2108 2571 2171 2640 illa

1182 2677 1335 2747 violenta
1350 2680 1511 2764 consilia,
1544 2680 1573 2747 si
1590 2702 1730 2749 causam
1746 2684 1903 2745 nostram
1921 2687 1956 2745 et
1972 2674 2173 2744 voluntates

1181 2776 1368 2873 nostras¹²)
1386 2781 1524 2873 penitus
1538 2776 1695 2873 norit¹⁰).
1744 2778 1891 2849 Nullam
1908 2776 2013 2846 etiam
2027 2776 2074 2845 ob
2095 2788 2173 2845 re'm

1182 2880 1287 2948 aliam
1312 2883 1393 2973 plus
1414 2882 1489 2952 odii
1510 2881 1724 2952 sustinemus
1747 2880 1787 2948 in
1811 2877 2026 2961 Germania,
2065 2898 2174 2970 quam

1182 2982 1266 3074 quia
1286 2977 1464 3052 Ecclesiae
1483 2980 1668 3054 Romanae
1681 2976 1720 3077 ‘J
1742 2983 1907 3071 dogmata
1928 3000 2065 3047 summa
2087 2999 2174 3047 eou-

1182 3084 1309 3153 stantia
1331 3084 1566 3158 defendimus.
1616 3081 1726 3153 Hanc·
1743 3082 1850 3152 fidem
1874 3075 2015 3151 Christo
2039 3092 2074 3148 et
2095 3074 2174 3147 Ro-

1181 3206 1307 3251 manae
1319 3179 1496 3255 Ecclesiae
1520 3187 1566 3256 ad
1587 3198 1782 3255 extremum
1804 3181 1986 3275 spiritum,
2015 3175 2093 3249 Deo
2109 3204 2175 3247 vo—

1182 3286 1297 3367 lente,
1337 3287 1609 3377 praestabimus,
1643 3284 1715 3379 (vel
1750 3283 1781 3353 si
1812 3281 2017 3353 recusabitis
2043 3302 2110 3349 nos
2136 3280 2175 3346 iu

1182 3387 1330 3475 gratiam
1352 3382 1591 3483 recipere)¹⁹).
1650 3385 1757 3457 Levis
1785 3388 1957 3480 quaedam
1989 3379 2175 3451 dissimili-

1182 3488 1269 3557 tudo
1291 3488 1425 3559 rituum
1447 3502 1517 3573 est,
1557 3511 1646 3583 quae
1667 3488 1809 3558 videtur
1832 3486 2003 3557 obsistere
2028 3506 2176 3553 coneor-

1182 3589 1261 3658 diae
1273 3585 1330 3680 ²⁰).
1391 3588 1463 3661 Sed
1485 3590 1552 3681 ipsi
1575 3587 1739 3661 Cauones
1760 3590 1915 3660 latentur
1930 3580 1992 3678 ²¹),
2027 3606 2175 3654 coneor-

1217 3754 1265 3820 10)
1284 3754 1404 3808 tolerob.
1417 3770 1474 3807 non
1486 3750 1586 3807 babent
1597 3750 1674 3807 Coel.
1689 3760 1716 3807 et
1729 3769 1753 3806 c.
1767 3748 1810 3803 28.

1218 3841 1264 3907 11)
1283 3838 1373 3893 Mani.
1388 3842 1559 3893 servandae.

1218 3926 1263 3995 12)
1281 3924 1350 3979 coo.
1366 3922 1424 3978 188.
1438 3928 1600 3977 immutare.

1218 4006 1264 4073 18)
1282 4006 1370 4060 Manl.
1384 4016 1495 4061 nostro.

1219 4090 1265 4153 14)
1284 4089 1356 4143 cod.
1368 4088 1436 4145 Bas.
1451 4099 1518 4145 etc.
1535 4088 1594 4145 190.
1609 4086 1756 4159 effingunt.

1219 4173 1264 4243 15)
1284 4170 1372 4227 Mani.
1387 4190 1405 4228 c
1423 4170 1469 4227 28.
1488 4190 1513 4225 c.
1530 4172 1588 4226 188.
1607 4170 1668 4225 cod.
1684 4170 1782 4223 Mebn.
1801 4175 1827 4223 et
1846 4184 1944 4240 apogr.
1965 4163 2055 4219 liano.
2070 4162 2177 4217 eondu-

1253 4259 1325 4295 cere.
1362 4241 1393 4295 ln
1406 4240 1469 4295 cod.
1481 4240 1547 4294 Bar.
1560 4240 1673 4292 verbum
1686 4237 1862 4292 desideratur.

1222 4325 1269 4393 16)Ι
1285 4325 1354 4381 God.
1371 4324 1430 4380 tto.
1442 4343 1493 4396 pro
1505 4324 1643 4391 supplices
1654 4320 1696 4375 bis
1707 4320 1804 4376 babet:
1825 4337 1887 4375 nos.
1923 4318 2043 4373 Manlius
2055 4327 2177 4372 tantuma

1253 4411 1388 4463 qraorsum
1409 4410 1479 4461 opus
1499 4403 1541 4447 est
1559 4392 1696 4459 supplices
1707 4390 1794 4459 serre
1809 4390 1949 4459 perseqrn'.
1986 4388 2105 4443 coelest.
2125 4406 2176 4459 pre

1251 4462 1383 4531 persequi
1394 4462 1475 4517 babet
1486 4462 1626 4529 prosequi.

1223 4550 1268 4615 17)
1283 4558 1399 4603 nostroe
1410 4567 1468 4602 non
1482 4548 1561 4601 babet
1575 4544 1662 4600 alant.
1676 4553 1704 4598 et
1716 4562 1741 4599 e.
1755 4545 1819 4601 Bar.

1129 4684 1132 4689 .
1222 4633 1268 4698 18)
1285 4631 1358 4686 Cod.
1376 4633 1434 4685 190.
1447 4631 1638 4699 perspexerit.

1221 4718 1251 4787 *l
1271 4716 1340 4771 Aliis
1351 4717 1462 4802 inulocis
1477 4718 1571 4801 spcibit
1583 4714 1651 4770 Mel.
1664 4716 1760 4771 eccles.
1776 4716 1944 4781 catholicon
1959 4714 2006 4836 'bic
2020 4714 2048 4767 in
2094 4713 2175 4769 aliam

1254 4786 2050 4927 ltl'lssttttltlt'ltslsstmttattl‘ttatttt'ffl'
2096 4800 2177 4835 ⁰⁸⁰*

1221 4938 1266 5005 19)
1288 4938 1361 4993 llaec
1374 4939 1452 4993 uncis
1464 4937 1567 4991 inclusa
1579 4936 1654 4991 addit
1672 4936 1733 4990 cod.
1741 4936 1802 4989 190.
1821 4945 1848 4987 et
1860 4934 1988 4989 videntur
2000 4933 2130 4997 consulto
2141 4934 2176 4989 ab

1253 5008 1311 5061 aliis
1331 5006 1527 5077 praetermissa·
1563 5004 1671 5075 Cogitat
1696 5004 1740 5057 bic
1763 5021 1820 5057 non
1844 5002 1878 5055 de
1895 5001 2008 5055 ecclesia
2021 5000 2176 5074 Pontificio,

1255 5076 1303 5129 sed
1317 5077 1351 5129 de
1367 5076 1519 5143 catholiea,
1535 5092 1634 5144 quam,
1654 5081 1684 5125 ut
1697 5070 1758 5125 satis
1773 5080 1895 5137 constat,
1913 5068 1975 5124 iude
1989 5070 2023 5123 ab
2036 5070 2176 5127 initiate·

1254 5163 1315 5197 rum
1329 5142 1446 5197 adfuisse
1459 5152 1485 5195 et
1498 5158 1588 5195 veram
1602 5158 1710 5212 semper
1721 5136 1875 5195 doctrinam
1888 5154 2006 5192 serram
2021 5141 2141 5210 putabet.

1220 5228 1266 5297 20)
1285 5228 1316 5284 C.
1331 5228 1390 5281 190.
1404 5226 1542 5293 impedire
1555 5226 1743 5279 concordiem.

1219 5313 1266 5382 21)
1282 5312 1352 5367 cod.
1369 5312 1425 5458 1901.
1429 5326 1525 5454 impe
1528 5309 1592 5379 sot.
