4500 5774
88 222 134 309 te
465 266 472 273 -
628 224 1072 323 setsroneii'uu
1103 228 1236 358 'nin
1272 229 1354 325 ru.
1378 238 1382 244 '
1407 238 1539 328 ress
2025 250 2104 332 eso

88 395 255 503 iilipp'us
279 394 530 501 Melanthea,
574 401 828 513 cr'rooptimo,
868 413 1053 490 Ioanni
1106 416 1203 494 Viro
1225 422 1361 521 optimo
1388 419 1443 497 D.
1473 405 1720 496 Friderico
1747 409 1983 529 Myconio,
2020 423 2099 502 Pa-

88 497 367 594 elewr'belio,
411 505 554 581 docenti
573 509 825 610 Evangelium
851 516 890 587 in
914 517 1049 616 Zerey-
1185 525 1282 594 stori
1297 522 1491 596 Ecclesiae
1515 521 1748 616 Gotthanae,
1780 553 1848 599 suo
1871 530 2000 607 amico.

195 628 199 633 ⁵
217 606 348 695 ὄπ’
364 635 494 707 ΨΜ
512 620 616 683 mm
632 626 663 686 ⁶²
679 618 882 692 ⁶⁰⁷¹·5'5‘m0·
1097 632 1144 731 S·
1160 657 1206 731 D.
1256 659 1419 753 Agnosco
1436 664 1626 733 candorem
1643 664 1753 733 animi
1770 665 1842 752 tui,
1867 667 1919 735 mi
1935 665 2093 740 Frideri·

88 752 164 831 .D.
214 753 264 830 Et
281 783 365 850 ego,
397 759 449 831 mi
467 750 635 850 loannes,
668 763 758 863 (me)
782 764 810 864 ¹)
833 795 906 840 non
932 773 1047 843 solum
1097 785 1155 847 ce,
1188 767 1283 856 quod
1300 766 1343 834 de
1361 765 1465 833 nobis
1480 777 1662 855 tantopere
1688 765 1846 837 solicitus
1869 790 1924 855 es;
1964 770 2091 842 sedita

88 871 198 953 „pier
211 859 403 930 iuvenilem
419 866 730 954 consuetudinem,
761 873 824 942 sed
845 875 956 945 mulio
970 899 1046 945 ma.
1097 865 1195 946 scito,
1220 865 1291 934 iam
1308 890 1364 935 me
1377 866 1580 957 deposuisse
1596 860 1689 937 hanc
1705 867 1954 955 offensionem,
1975 883 2091 942 ortam

88 956 349 1054 {Reipublicae
366 987 467 1034 causa
485 979 518 1035 [e
533 990 631 1055 am03
655 971 757 1041 vid00
775 973 884 1060 enim,
907 990 1045 1045 [esum.
1089 989 1137 1033 ex
1152 965 1295 1036 illarum
1311 967 1495 1037 literarum
1520 969 1707 1040 acerbitate
1723 963 1769 1062 ¹¹).
1819 966 1910 1039 Nam
1926 972 2091 1065 princeps

88 1061 253 1153 ostudio
276 1064 411 1150 anniti,
443 1079 484 1140 ut
501 1091 566 1157 pro
583 1061 680 1140 virili
695 1069 890 1145 Ecclesiam
909 1071 1045 1147 Christi
1095 1067 1178 1136 satis
1199 1081 1358 1137 amanter
1387 1081 1421 1138 et
1452 1068 1674 1138 familiariter
1700 1064 1760 1140 hic
1782 1093 1920 1140 mecum
1949 1072 2090 1145 locutus

88 1185 149 1235 ves
167 1179 201 1233 et
223 1188 337 1255 qrnes,
388 1162 432 1235 ln
453 1161 522 1240 hoc
541 1193 667 1257 cursu,
695 1188 736 1244 ut
752 1189 893 1246 strenue
910 1201 1045 1269 pergas,
1096 1182 1157 1239 est.
1207 1165 1284 1258 Ego
1309 1182 1427 1239 autem
1447 1193 1526 1238 amo
1543 1169 1633 1239 illud
1650 1184 1748 1240 vetus
1761 1164 1923 1241 historici
1937 1173 2088 1245 dictum:

107 1263 215 1335 etiam
242 1278 346 1361 atque
368 1267 474 1341 etiam
495 1263 683 1358 adhortor,
716 1300 780 1346 nec
801 1291 835 1346 te
856 1279 1042 1372 iniquitate
1094 1269 1265 1339 amicitias
1282 1271 1409 1340 debere
1423 1271 1639 1339 immortales
1657 1296 1746 1356 esse,
1770 1271 1974 1344 inimicitias
1989 1300 2088 1346 mor·
2215 1310 2218 1316 ·

88 1362 238 1443 »minum
255 1368 299 1447 ab
313 1364 465 1458 'optimis
481 1371 639 1442 consiliis
653 1376 785 1469 depelli
800 1379 905 1448 sinas.
954 1379 1043 1470 Ego,
1094 1371 1192 1442 tales.
1245 1369 1367 1465 Itaque
1387 1386 1575 1465 tequoque
1592 1373 1697 1482 iubeo
1714 1373 1866 1491 abiicere
1889 1375 2088 1494 solicitudi·
2194 1445 2199 1452 .

88 1488 123 1543 eo
143 1464 304 1553 volente,
329 1492 388 1549 ea,
421 1495 510 1564 quae
533 1473 653 1547 iudico
674 1481 840 1568 prodesse
852 1476 1043 1569 Ecclesiae,
1094 1495 1182 1555 nem
1204 1473 1247 1541 de
1271 1473 1358 1542 meis
1386 1474 1491 1543 rebus
1515 1488 1737 1564 conceptam,
1779 1475 1915 1567 tibique
1937 1491 2087 1566 gratiam

88 1564 122 1643 ln
142 1566 317 1653 abiiciam.
1093 1568 1224 1658 habeo,
1258 1575 1353 1666 quod
1376 1575 1416 1642 in
1437 1575 1542 1643 amici
1562 1576 1719 1665 periculo
1741 1575 1844 1643 fidem
1862 1578 2099 1667 praestiteris:

108 1654 111 1659 ¹
145 1660 247 1739 Loci
266 1693 470 1742 communes
491 1675 577 1745 editi
599 1692 699 1764 sunt,
736 1681 773 1748 in
797 1682 927 1776 quibus
950 1698 1041 1755 certe
1093 1670 1169 1764 Et3⁰
1186 1699 1262 1744 ‘¹¹⁰³
1279 1675 1444 1761 ⁶⁰¹¹Slll³2
1468 1673 1545 1746 ΠΕΟ
1563 1676 1720 1757 V⁰l⁸¹¹l⁰2
1747 1699 1883 1768 semper
1905 1679 1950 1748 ad
1965 1680 2086 1770 P¹¹bll⁴

88 1783 199 1859 natus
211 1795 290 1840 sum
305 1774 491 1866 complecti
503 1800 559 1846 res
572 1779 676 1849 utiles
693 1784 738 1851 ad
752 1783 928 1873 pietatem.
960 1783 1042 1855 Cir.
1093 1801 1167 1844 cam
1180 1776 1379 1860 utilitatem,
1406 1802 1480 1847 non
1496 1778 1538 1846 ad
1556 1778 1712 1868 privatos
1726 1778 1870 1847 allectus
1884 1805 2084 1851 accommo-

88 1868 293 1955 mieruntur
312 1869 466 1944 articuli
487 1878 632 1970 quidam
653 1884 719 1952 sub
741 1898 863 1955 nostro
884 1887 1041 1972 nomine,
1093 1878 1196 1946 dabo.
1247 1876 1416 1970 Princeps
1438 1881 1477 1947 in
1491 1902 1614 1949 mensa
1629 1882 1673 1948 de
1694 1893 1727 1950 te
1743 1891 1777 1949 et
1791 1874 1899 1949 lusto
1915 1883 2086 1953 amantis-

88 1968 176 2057 uin
199 1968 335 2062 Gallia,
367 1999 407 2047 ac
420 1978 577 2071 decerpti
600 2004 641 2051 ex
656 1985 809 2076 quodam
825 2011 904 2056 meo
924 1990 1041 2058 consi.
1092 1978 1179 2047 sime
1207 1980 1428 2071 loquebatur.
1495 1977 1538 2049 D.
1566 1973 1794 2049 Pomeronus
1822 1979 1913 2053 mihi
1945 1984 2085 2077 scripsit

88 2099 115 2155 r,
140 2096 267 2144 verum
288 2076 443 2148 mutilati
465 2092 499 2149 et
522 2082 703 2172 depravati
723 2081 763 2181 ²).
786 2070 791 2079 ¹
813 2085 890 2159 Hos
909 2089 1040 2160 articu-
1091 2093 1173 2149 ante
1186 2104 1316 2171 paucos
1332 2082 1425 2161 dies,
1451 2105 1490 2152 ac
1503 2081 1650 2152 mirifice
1665 2083 1793 2175 probat
1810 2081 1930 2154 literas
1953 2079 2083 2179 Arcgu.

88 2173 209 2253 lecito
235 2199 292 2245 me
319 2201 394 2249 non
416 2202 619 2270 agnoscere,
658 2188 719 2254 sed
742 2211 807 2279 pro
829 2191 1039 2263 adulterinis
1090 2189 1281 2250 stuporum
1309 2195 1343 2251 et
1367 2179 1612 2255 Ulmeusium.
1679 2182 1777 2253 Deus
1795 2184 1917 2267 faciat,
1959 2201 2000 2259 ut
2023 2189 2084 2257 liat

96 2274 196 2351 nous
210 2268 394 2365 habendos
409 2303 492 2355 esse.
1090 2307 1172 2353 vera
1191 2297 1225 2352 et
1238 2282 1350 2352 solida
1368 2285 1566 2358 concordia.
1617 2281 1720 2354 Certe
1739 2278 1815 2355 hoc*
1824 2307 1961 2379 semper
1982 2303 2082 2381 opta·

143 2387 199 2461 De
220 2392 490 2486 quaestionibus
511 2399 602 2486 illis,
642 2427 728 2494 quas
752 2407 865 2476 multo
888 2421 970 2479 ante
992 2410 1037 2478 ad
1090 2385 1136 2456 Vl·
1188 2383 1285 2454 Bene
1302 2386 1602 2457 etfeliciter'vale·
1628 2383 1664 2457 4·
1683 2381 1813 2459 0⁶¹⁰b·
1889 2489 1925 2507 ,,

88 2491 265 2580 emisisti,
297 2497 385 2590 quid
403 2499 619 2570 rescribam?
648 2519 740 2576 certe
760 2508 871 2597 gloria
887 2507 955 2578 Dei
973 2535 1037 2579 an·
1328 2527 1331 2539 '
1495 2597 1499 2604 ,
1554 2538 1557 2544 ·
1674 2556 1686 2571 ·
1830 2484 2029 2582 ΡΜΨΡΜ·

88 2592 172 2663 'tetri¹
191 2595 297 2665 debet
322 2600 488 2670 omuibus
518 2595 685 2674 humanis
714 2610 957 2699 pactionibus,
1003 2624 1037 2681 et
1322 2633 1326 2636 ’

88 2691 413 2786 ictaComitiorum,
434 2701 464 2770 si
479 2702 645 2775 volumus
659 2710 855 2799 prudenter
868 2710 1036 2799 iudicare,

88 2816 119 2869 n,
129 2794 350 2889 impediunt,
384 2825 454 2894 quo
479 2803 597 2880 minus
614 2809 745 2898 privati
767 2807 931 2884 homines
953 2837 1036 2886 suae
1085 2831 1283 2905 N0‚1338‚
1959 2848 1992 2914 5.
2007 2843 2079 2910 Oet.

88 2897 274 2983 pacientiae
307 2902 506 2976 consulant.
555 2905 635 2978 Hoc
657 2912 891 2984 rectissimum
914 2931 949 2987 et
970 2941 1035 2986 ve·
1085 2912 1298 2969 *Ν

88 2996 218 3068 timum
242 3015 305 3073 est.
357 3002 397 3075 si
419 3000 589 3098 Princeps
607 3032 681 3079 non
696 3015 774 3082 vult
787 3015 824 3083 vi
840 3018 1034 3087 defendere
1474 3000 1512 3086 Ῑ·
1531 3001 1679 3088 lonae·

88 3120 187 3186 osus,
211 3100 300 3170 boni
315 3118 350 3174 et
365 3105 416 3196 pii
427 3128 501 3175 non
516 3107 761 3199 impediuntur
775 3115 898 3187 edictis
912 3115 1033 3189 Comi-

88 3220 183 3285 rum,
207 3226 279 3295 quo
297 3203 417 3276 minus
431 3206 600 3280 abiiciant
614 3213 756 3286 abusus.
798 3213 848 3297 Et
861 3216 1033 3312 Princeps

88 3300 219 3371 niuem
230 3316 352 3375 contra
367 3318 497 3377 rectam
514 3313 765 3400 conscientiam
779 3341 902 3408 cogere
916 3323 1031 3394 debet.
1423 3331 1558 3408 Iusto
1584 3336 1611 3409 I
1618 3364 1702 3411 ona
1711 3366 1739 3416 e.

88 3425 133 3474 ne
149 3414 187 3473 et
200 3403 352 3477 feliciter
365 3409 461 3491 vale,
489 3424 523 3479 et
538 3436 594 3481 me
609 3439 699 3486 ama.
725 3414 760 3490 4.
777 3415 956 3499 Octobris.
1313 3421 1317 3427 ’

805 3516 1002 3606 Φίλιππος.

1152 3172 1237 3245 Epist.
1253 3173 1299 3232 lib.
1316 3177 1348 3232 V.
1368 3194 1395 3247 p.
1408 3174 1443 3230 82
1454 3197 1496 3250 sq.

1081 3440 1128 3532 S.
1141 3463 1185 3537 D.
1237 3463 1317 3537 Etsi
1332 3491 1426 3537 eram
1441 3471 1543 3542 valde
1559 3475 1784 3567 defatigatus,
1811 3500 1884 3547 non
1899 3475 2078 3547 solum-la·

1082 3566 1169 3638 bore
1202 3568 1400 3654 scribendi,
1459 3575 1520 3642 sed
1549 3577 1654 3646 etiam
1683 3579 1762 3648 aliis
1794 3578 2078 3669 cogitationibus,

106 3713 115 3719 .
133 3650 214 3723 Deo
235 3654 377 3730 volente
399 3657 637 3736 Concordiam
663 3670 856 3764 aliquando
880 3677 1031 3746 solidam
1081 3681 1198 3737 tamen
1213 3670 1337 3739 addidi
1350 3672 1532 3762 epistolam
1549 3680 1594 3746 ad
1609 3691 1665 3765 te,
1690 3680 1788 3774 quod
1805 3695 1839 3752 te
1858 3681 2009 3750 sciebam
2024 3681 2078 3748 as·

133 3752 232 3823 inter
254 3772 395 3832 nostros
424 3764 635 3843 videbimus,
693 3770 763 3842 Sed
785 3777 830 3845 de
852 3769 909 3846 his
929 3778 1030 3849 brevi
1081 3768 1139 3839 lici
1158 3784 1318 3856 amanter
1341 3796 1424 3842 cura
1448 3799 1608 3849 mearum
1629 3795 1664 3852 et
1680 3781 1922 3852 communium
1943 3804 2075 3851 rerum.

132 3877 267 3931 coram.
1080 3869 1177 3942 Scito
1194 3871 1313 3962 igitur,
1336 3872 1538 3968 Principem
1555 3875 1614 3950 bic
1627 3882 1745 3968 fuisse,
1771 3896 1804 3953 et
1818 3907 1956 3952 mecum
1967 3883 2078 3953 veteri

332 4020 335 4024 .
417 4038 429 4049 ,
1080 3997 1179 4043 more
1194 3988 1352 4045 amanter
1366 3976 1524 4049 locutum
1549 4002 1633 4054 esse.
1687 3981 1807 4072 Quare
1822 3998 1856 4056 et
1871 3985 1946 4076 ipse
1961 3984 2077 4055 otien-

88 4088 1018 4132 -········-··--—-——-—--—-.
1081 4074 1218 4144 sionem
1242 4077 1353 4146 animi
1367 4079 1518 4169 depono.
1571 4081 1664 4154 Amo
1680 4086 1776 4178 enim
1796 4086 1903 4157 illud:
1935 4083 2072 4157 Amici-

1079 4176 1146 4245 tias
1166 4176 1385 4249 immortales
1407 4203 1480 4250 esse
1501 4183 1645 4271 debere,
1675 4187 1880 4259 inimicitias
1899 4189 2075 4258 mortales.

88 4218 251 4354 Q
890 4251 1026 4376 Q
1078 4274 1248 4349 Libenter
1261 4280 1438 4370 privatum
1463 4284 1622 4354 dolorem
1637 4289 1800 4381 publicae
1822 4289 2074 4383 tranquillitati

369 4377 442 4464 st,
472 4380 683 4490 Myconi&
766 4410 770 4415 ·
1078 4380 1254 4455 condono.
1305 4379 1379 4452 Nec
1396 4385 1496 4456 decet
1516 4408 1582 4456 nos
1597 4387 1637 4456 in
1659 4390 1767 4461 tantis
1785 4391 1937 4461 miseriis
1952 4389 2076 4485 publi-

1078 4479 1128 4548 cis
1158 4481 1305 4574 privatis
1340 4483 1526 4557 affectibus
1561 4491 1767 4562 exacerbare
1799 4493 1892 4565 mala
1919 4493 2073 4588 publica.

1077 4577 1201 4675 ltaque
1223 4582 1372 4653 memini
1405 4585 1495 4658 illud
1521 4585 1708 4678 Atticum,
1741 4618 1794 4687 μη
1820 4596 2074 4689 μνησικακεῖν.

1077 4676 1225 4775 Augias
1244 4698 1297 4755 est
1316 4685 1503 4762 liberaliss.
1525 4706 1687 4784 exceptus
1711 4718 1731 4766 a
1749 4692 1927 4789 Principe.
1979 4695 2074 4767 Novi

129 4772 241 4985 „pleuti
259 4756 344 4868 ‹11502¹
363 4760 611 4875 quispim,
628 4811 781 4884 &intpp
799 4817 923 4890 mm
960 4822 1023 4881 Μ,
1073 4777 1134 4854 bic
1146 4780 1239 4854 nibil
1253 4800 1304 4857 est
1319 4791 1601 4880 praeterlamam
1618 4795 1781 4889 decepto
1802 4816 1884 4868 sene
1897 4791 2073 4891 Walter.

129 4899 152 4936 n
167 4866 295 4946 Mitis
312 4881 364 4927 ”⁰⁸
378 4870 514 4942 “etthei
533 4876 579 4943 bet
599 4881 773 4963 crantorem
791 4889 846 4944 tem
859 4892 943 4955 occo
957 4891 1024 4946 Phi-
1073 4884 1166 4957 Sane
1180 4885 1323 4959 miseret
1347 4912 1403 4960 me
1419 4885 1587 4962 hominis.
1637 4892 1768 4968 Caesar
1788 4900 1921 4970 dicitur
1941 4900 1979 4968 in
1999 4897 2072 4969 lta--

109 4966 149 5007 ¹„
166 4951 175 4986 ι
194 4937 425 5007 mutuentur
446 4945 616 5014 luduntur
628 4950 731 5011 uetere
750 4957 881 5016 sedetet

125 5037 150 5074 „
217 5018 253 5074 m
268 5006 344 5075 uice
360 5011 464 5078 μύω
898 4962 1022 5029 ΨΜ
1071 4985 1157 5057 liam
1173 5002 1268 5059 certo
1281 4991 1414 5078 venire,
1440 5006 1475 5063 et
1489 5007 1630 5068 acturus
1647 5001 1910 5092 quamprimum
1925 5000 2072 5096 deSyn·

106 5077 474 5160 &Memnonem
488 5105 538 5152 eu.
947 5144 949 5150 .
1071 5091 1159 5176 odo,
1193 5092 1368 5187 adquam
1391 5093 1530 5165 utinam
1555 5111 1590 5168 et
1614 5101 1737 5192 parati
1751 5115 1785 5172 et
1801 5103 1995 5174 concordes
2014 5128 2073 5174 ac-

98 5152 545 5293 §effultum-outonem,
567 5184 641 5240 unte
659 5184 820 5264 intelligitur
835 5192 1021 5270 taneepieo·
1071 5193 1247 5263 cedamus.
1298 5192 1467 5287 Suspicor
1483 5193 1632 5272 Gallum
1656 5224 1698 5273 eo
1713 5197 1806 5273 nibil
1821 5227 2072 5277 concessurum

206 5253 316 5295 nuum
329 5241 407 5299 1685.
421 5246 593 5306 referendam
608 5272 679 5318 esse,
698 5275 757 5314 non
770 5261 803 5315 ed
816 5280 920 5321 annum
934 5268 1020 5332 1628..

88 5300 125 5361 ed
140 5321 227 5377 quan
247 5307 401 5368 retulerunt
421 5313 540 5376 editores
563 5320 739 5394 epistolarum
760 5326 930 5391 Scbwebelio
948 5338 1019 5396 scri.
1069 5340 1299 5362 “·““’“““·

88 5378 209 5445 Μ
609 5420 615 5431 ·
1111 5416 1145 5496 r)
1163 5409 1298 5488 loquitur
1314 5412 1347 5471 de
1361 5410 1458 5472 litteris
1468 5413 1604 5476 Electorie
1619 5418 1649 5480 d.
1661 5420 1705 5478 29.
1716 5422 1788 5496 Aug.

88 4544 206 4606 mnu·
222 4549 366 4626 Scepsio
384 4573 428 4629 ep.
440 4555 486 4615 43.

88 4694 264 4716 m
