4522 5760
158 203 245 285 aas,
318 185 323 191 ’
717 186 1156 287 titul-..stobaeum
1200 190 1638 271 sinisiram.
2128 192 2193 265 sii
2253 200 2256 258 i

53 356 56 361 Ι
161 379 225 477 qui
244 378 339 471 apud
354 370 627 446 serenissimum
642 365 888 451 Romanorum
905 362 1043 455 Regem
1060 357 1160 449 hanc,
1184 394 1189 483 Ι
1205 365 1337 451 literis,
1369 366 1408 437 iu
1425 366 1557 460 quibus
1569 366 1708 439 illustre
1721 362 1967 438 testimonium
1982 376 2038 435 est
2051 364 2195 437 beneio-

164 485 212 555 ob
226 498 367 551 causam
381 474 568 567 expectabo
585 465 635 568 *).
1184 467 1335 549 :lentiae
1351 466 1399 543 R.
1413 466 1468 542 Μ.
1483 467 1529 543 Τ.
1544 493 1626 559 erga
1648 492 1724 554 me,
1755 469 1929 552 declarat,
1960 466 2033 537 sibi
2050 466 2195 538 officium

263 579 426 673 Denique
442 566 938 671 quoniamCelsitudoVestra
951 568 991 638 iii
1004 579 1156 639 tractatu
1184 608 1188 647 ς
1203 594 1322 641 meum
1330 570 1369 639 iii
1377 570 1608 652 dedicando†
1618 569 1766 663 scripto''
1774 566 1803 665 ¹)
1815 569 2011 663 placuisse:
2029 569 2196 639 miiltisde

163 683 272 759 huius
286 703 409 753 causae
423 704 444 748 a
458 701 515 747 ine
529 676 743 771 quaesierat,
766 672 908 766 qualem
923 668 1156 755 securitatem,
1185 691 1189 773 j
1206 672 1320 743 causis
1332 672 1456 744 laetor.
1487 670 1649 743 Primum
1662 672 1771 758 enim,
1790 674 1878 767 quid
1890 666 1983 743 mihi
1999 667 2197 765 privatim)

164 804 200 860 et
213 813 234 859 a
248 810 319 880 quo
333 795 422 852 esset
436 776 621 864 habitura,
643 775 673 846 si
689 776 728 844 in
741 772 880 858 ltaliam
894 771 1036 843 concilii
1051 793 1155 841 causa
1185 802 1189 849 ;
1206 774 1363 844 accidere
1386 786 1503 865 potest
1525 768 1836 860 honorificentius,
1874 799 1984 868 quain
2006 775 2106 866 quod
2129 797 2199 863 gia-

165 889 410 968 descenderet,
433 895 468 951 et
481 881 630 951 verbum
654 878 759 946 etiam
781 875 928 959 fecerat,
961 874 1057 967 quod
1080 894 1155 940 non
1185 876 1352 946 'vissimo
1370 875 1503 947 iudicio
1521 875 1771 967 sapientissimi
1783 876 1877 967 regis
1890 884 2052 947 'ornatus
2068 873 2200 967 sumi?

166 991 273 1063 modo
290 986 402 1057 literis
425 985 485 1053 sed
507 980 691 1053 obsidibus
711 976 933 1048 securitatem
957 988 1046 1061 esset
1065 974 1156 1042 forte
1185 976 1189 989 '
1206 976 1347 1048 Deinde
1360 973 1429 1048 hoe
1443 977 1590 1048 nonnae
1603 978 1755 1068 gaudeo,
1779 976 1827 1050 R,
1844 975 1899 1051 Μ,
1916 976 1962 1051 T,
1980 1001 2060 1046 non
2077 972 2201 1049 ahhor.

164 1093 339 1187 petitura,
369 1086 498 1156 addam
522 1078 581 1153 hic
601 1081 662 1169 id,
691 1081 787 1173 quod
809 1101 872 1167 ego
893 1078 1157 1170 responderam.
1209 1079 1419 1149 rereameis
1432 1080 1588 1171 scriptis:
1623 1079 1720 1172 quod
1737 1102 1859 1171 spero,
1891 1092 2088 1173 postquam
2106 1080 2203 1149 iutel-

165 1193 301 1284 Nempe
315 1191 345 1258 si
360 1187 531 1258 Mantuae
544 1185 659 1269 fieret,
687 1204 778 1275 quae
793 1179 916 1250 civitas
936 1180 1085 1249 seudum
1107 1188 1159 1245 est
1208 1181 1348 1267 lexerit,
1386 1204 1444 1266 ea,
1475 1205 1564 1274 quae
1586 1181 1770 1266 docemus,
1801 1178 1982 1252 Ecclesiae
2015 1165 2203 1252 necessaria

167 1294 259 1366 sacri
272 1293 379 1365 Rom.
395 1287 560 1381 Imperii,
585 1285 696 1355 ferme
710 1284 750 1352 iu
764 1280 917 1352 confinio
934 1278 1160 1363 Germaniae,
1210 1304 1300 1368 esse,
1331 1305 1501 1373 maguum
1523 1295 1745 1354 momentum
1767 1284 1916 1355 allatuin
1930 1279 1963 1379 ⁴)
1986 1307 2062 1353 esse
2086 1284 2130 1354 ad
2153 1307 2204 1353 or-

168 1397 269 1469 cuius
293 1394 395 1465 etiam
411 1389 582 1461 finitimae
597 1385 720 1457 ltaliae
735 1386 841 1455 urbes
864 1397 925 1454 aut
946 1381 1058 1475 ipsius
1069 1376 1160 1453 Cae-
1210 1386 1365 1455 uandam
1379 1385 1528 1475 gloriam
1535 1379 1686 1455 Christi:
1711 1400 1745 1458 et
1759 1382 2017 1481 allectandos⁵)
2033 1388 2078 1456 ad
2088 1387 2204 1455 mode-

170 1498 256 1569 saris
279 1510 363 1566 sunt
379 1506 442 1563 aut
462 1489 589 1586 inclyti
612 1486 763 1561 Senatus
784 1484 934 1571 Veneti,
968 1483 1031 1577 qui
1057 1482 1160 1553 iusti·
1210 1486 1385 1559 rationem
1406 1500 1558 1557 caeteros
1580 1510 1697 1576 reges,
1740 1512 1892 1581 quorum
1922 1488 2110 1559 iracundia
2136 1487 2205 1555 sinc

170 1602 256 1671 tiam
283 1612 318 1668 et
346 1595 512 1688 pietatem
541 1590 681 1663 fortiter
711 1601 849 1671 tuetur,
878 1598 1058 1678 praeterea
1079 1608 1161 1655 cum
1212 1591 1319 1659 modo
1334 1590 1503 1659 adversus
1517 1589 1694 1659 studiosos
1708 1612 1816 1681 purae
1828 1590 2018 1660 doctrinae
2034 1590 2170 1661 exarsit.

169 1700 318 1775 Caesare
339 1692 565 1767 vehementer
586 1690 796 1762 coniunctus
819 1701 888 1769 est,
922 1689 1064 1757 nullum
1089 1685 1161 1755 illis
1314 1687 1433 1784 Atque
1453 1685 1547 1759 hanc
1568 1713 1666 1782 spem
1686 1715 1801 1760 meam
1825 1691 1930 1760 valde
1957 1674 2205 1761 confirmae-uni

169 1808 331 1877 futurum
348 1822 420 1869 esse
435 1797 635 1889 periculum
647 1791 892 1876 metuendum,
915 1788 1057 1859 nullum
1072 1808 1164 1880 opus
1213 1793 1334 1862 literae
1355 1790 1403 1865 R,
1427 1789 1479 1865 M,
1496 1789 1561 1877 T„
1593 1791 1633 1859 in
1655 1792 1785 1886 quibus
1804 1793 1910 1886 plane
1932 1806 2084 1864 testam
2098 1789 2147 1864 R,
2161 1788 2207 1862 M,

171 1904 376 1987 securitate,
411 1897 687 1989 Caesareamque
726 1890 949 1965 Maiestatem
982 1914 1059 1961 eam
1089 1912 1163 1958 esse
1214 1893 1260 1969 Τ,
1276 1918 1312 1964 se
1327 1917 1512 1987 uunquam
1526 1894 1727 1964 defuturam
1748 1893 1794 1963 iis
1809 1894 1985 1979 consiliis,
2019 1886 2148 1989 quae⁶i
2171 1892 2208 1960 ad

172 2010 343 2089 daturam,
369 2003 477 2095 si'qui
493 2024 569 2070 eam
585 2008 763 2090 petereut;
789 1994 886 2087 quod
904 2017 988 2063 vero
1006 1994 1050 2063 ad
1066 1988 1165 2065 Pon·
1214 1996 1364 2087 gloriam
1388 1991 1521 2066 Christi
1544 1995 1791 2065 illustrandam
1820 1997 2046 2089 suscipimus.
2118 1993 2209 2083 Quae

172 2108 301 2191 tificem
319 2104 461 2189 attinet,
483 2104 599 2194 ipsum
612 2122 687 2169 1¹0⁰
702 2110 912 2189 negaturum
933 2119 1009 2166 eam
1031 2092 1165 2171 securi·
1215 2092 1322 2170 ve'iba
1345 2122 1427 2169 cuin
1447 2097 1643 2186 legeremus
1666 2120 1729 2187 ego
1752 2111 1788 2168 et
1809 2098 1972 2193 plerique
1996 2096 2080 2177 alii,
2122 2090 2209 2166 hunc
2256 2114 2258 2123 ·

174 2224 301 2295 tatem,
324 2230 414 2301 quae
436 2206 477 2275 in
499 2228 566 2275 usu
587 2215 621 2271 et
642 2198 836 2271 necessaria
862 2211 968 2283 esset,
1001 2209 1036 2266 et
1058 2218 1164 2290 quam
1215 2200 1375 2271 animum
1391 2194 1553 2272 R.MT.
1566 2197 1727 2267 maximis
1736 2199 1780 2268 de
1795 2198 1908 2269 causis
1923 2194 2123 2289 †valde”')
2141 2221 2211 2287 gra-

174 2324 292 2407 posset
305 2322 481 2402 praestare
495 2330 558 2377 sua
574 2303 792 2377 auctoritate.
1216 2302 1326 2375 tulati
1342 2324 1463 2371 sumus
1483 2300 1669 2370 universae
1682 2296 1861 2371 Ecclesiae
1874 2295 2025 2374 Christi.
2078 2298 2161 2371 Scio
2173 2296 2213 2369 R.

275 2411 397 2481 Faciat
423 2410 531 2479 modo
562 2404 760 2475 miseriem
788 2405 894 2484 deus,
924 2414 966 2473 111
988 2397 1167 2472 Serendae
1216 2402 1324 2478 MT.
1341 2427 1407 2496 pro
1422 2425 1485 2472 sua
1501 2402 1686 2473 excellenti
1701 2400 2097 2495 sapientiaiut'elligere,
2116 2424 2212 2495 quain

175 2529 290 2586 vestra
308 2511 499 2582 concilium
515 2521 613 2601 optet
634 2530 678 2575 ex
702 2506 841 2592 animo,
867 2501 1167 2597 quemadmodum
1218 2505 1413 2598 gloriosum
1426 2504 1489 2589 sit,
1515 2517 1551 2574 et
1565 2504 1714 2593 dignuin
1727 2504 1874 2575 summis
1887 2498 2083 2589 heroibus,
2103 2525 2214 2573 veraiu

176 2639 315 2710 sperare
328 2613 452 2685 multis
466 2613 510 2682 de
526 2608 640 2680 causis
656 2609 841 2694 debemus;
867 2630 952 2676 nain
967 2602 1168 2674 consectum
1217 2606 1427 2697 religionem
1451 2629 1663 2699 propagare,
1704 2620 1739 2677 et
1765 2606 1918 2697 publicis
1940 2606 2043 2677 vitiis
2076 2604 2216 2676 mederi,

177 2720 322 2815 quidem
354 2715 422 2787 erit
445 2712 633 2803 'negotium
656 2707 881 2802 propediem,
913 2720 947 2777 el
974 2702 1169 2781 securitatis
1220 2708 1304 2784 Ideo
1314 2701 2030 2803 nonputo⁸)hacinremeaadbortatione
2040 2728 2217 2799 opuscsse.

177 2843 281 2893 causa
309 2812 403 2886 nihil
429 2814 638 2887 morabitur.
694 2808 827 2881 Datum
848 2807 982 2899 Pragae
1003 2802 1170 2880 Calendis
1221 2809 1379 2881 Tantum
1393 2833 1493 2901 agam
1506 2810 1635 2899 gratias
1650 2808 1696 2883 R.
1713 2808 1767 2883 M.
1780 2807 1825 2884 T.
1841 2822 1875 2879 et
1891 2812 1990 2904 quod
2003 2834 2130 2879 meum
2148 2807 2217 2876 olii-

124 2974 128 2981 .
177 2918 382 2992 Decembris
399 2914 505 2991 Mb.
514 2910 667 2986 XXXV.
688 3000 692 3009 Ι
1222 2913 1316 2984 cium
1332 2913 1476 3006 probat,
1506 2906 1578 3009 et⁰)
1594 2910 1886 3002 significationem
1903 2912 2067 2982 ostendit
2079 2911 2217 2981 minime

536 3014 670 3085 'Petrus
687 3012 821 3084 Paulus
833 3012 1024 3103 Vergerius
1223 3016 1409 3087 obscuram
1423 3013 1612 3105 singularis
1625 3012 1893 3083 benevolentiae
1909 3037 1992 3104 erga
2010 3037 2090 3083 me:
2123 3034 2219 3105 quani

446 3116 580 3189 Orator
595 3116 726 3189 summi
740 3114 923 3187 Pontificis
936 3111 1041 3184 Pauli
1056 3106 1123 3182 Ill·
1224 3118 1315 3189 tanti
1328 3117 1438 3203 facio,
1463 3129 1504 3187 ut
1517 3114 1671 3186 libenter
1686 3114 1851 3209 profitear
1863 3139 1922 3185 me
1936 3114 2103 3185 vicissim
2114 3110 2162 3187 R.
2174 3106 2220 3183 M

1226 3218 1270 3294 T.
1285 3221 1414 3293 debere
1428 3218 1549 3289 omnia
1564 3218 1679 3289 studia
1695 3242 1791 3305 mea,
1824 3230 1859 3289 et
1875 3213 1920 3309 (si
1937 3241 2031 3311 quae
2049 3210 2154 3310 sunt)
2173 3213 2222 3282 iu-

1226 3322 1322 3413 genii
1336 3321 1435 3397 vires
1451 3342 1585 3393 omnes.
1636 3316 1784 3391 Utinam
1796 3342 1880 3391 vero
1903 3314 1998 3389 inihi
2014 3332 2157 3390 tautum
2173 3318 2223 3385 in-

180 3444 247 3517 No.
266 3440 374 3513 1368.
839 3437 848 3453 ⁹
1028 3444 1058 3503 1.
1083 3432 1197 3498 Dede·
1228 3424 1324 3515 genii
1339 3437 1373 3494 et
1386 3422 1569 3494 doctrinae
1587 3436 1692 3508 esset,
1721 3435 1763 3490 ut
1783 3420 1903 3515 aliquo
1926 3420 2051 3491 officio
2076 3440 2221 3491 amorem

190 3534 361 3569 *Ν
1043 3530 1179 3557 Μ
1229 3548 1310 3617 erga
1325 3524 1435 3598 R.M.
1446 3521 1490 3597 T.
1508 3538 1542 3594 et
1558 3522 1809 3613 gratitudinem
1818 3545 1933 3591 meam
1950 3522 2138 3593 declarare
2151 3540 2222 3613 pos

410 3605 594 3688 Ηθΐῐΐὶθθ
612 3599 728 3711 Regi
746 3596 955 3709 Ᾰηὲἶὶαθ·
1230 3651 1315 3702 sem.
1370 3624 1465 3696 lllud
1480 3639 1572 3695 certe
1590 3625 1757 3711 efficiam,
1782 3636 1824 3694 ut
1841 3622 1998 3714 intelligi
2016 3624 2145 3715 possit,
2159 3644 2222 3690 non

1122 3776 1182 3833 ‚79
1230 3732 1349 3799 deesse
1364 3723 1456 3798 inihi
1471 3728 1689 3798 voluntatem
1714 3750 1755 3796 ac
1773 3726 1931 3795 studium
1949 3724 2177 3814 gratificandi
2187 3714 2223 3809 ¹)

1124 3844 1182 3900 bd·
1229 3829 1278 3903 R.
1295 3828 1412 3903 MT.
1453 3825 1620 3923 Ηῑιφιε
1642 3852 1699 3897 ine
1722 3840 1757 3898 et
1777 3826 1892 3899 studia
1914 3848 1996 3897 mea
2021 3822 2221 3897 commendo

252 3787 351 3845 Manlii
370 3786 469 3904 sarraq.
488 3799 516 3852 p.
527 3779 563 3831 20
574 3795 617 3861 sq.
640 3777 763 3850 Repetite
774 3778 803 3831 iu
817 3777 883 3833 Mel.
895 3775 1001 3858 selectis
1046 3793 1079 3858 p.
1102 3794 1121 3901 p

287 3876 348 3929 sqq.
367 3866 435 3908 etin
458 3847 548 3902 ibrol.
563 3848 698 3917 epistolar.
738 3848 788 3900 ,49
800 3865 861 3919 sqq.
893 3846 956 3902 edit.
965 3844 1024 3898 bon
1045 3863 1084 3899 iu.

287 3921 567 4047 {tiibsettt‘
584 3848 1182 4053 t·aadtzulattttiutt:
1231 3930 1346 4007 ΚΜ·
1361 3926 1491 4026 tlt),
1516 3944 1684 4024 tansum
1701 3929 1835 4021 onimo
1849 3928 2032 4021 uinciri.
2060 3924 2221 4021 acurio

287 4058 424 4198 qeqqqqn
440 4002 718 4195 ἓιιιιιιξιῇιῶιώιε
744 4066 795 4112 son
821 4054 874 4121 M
894 4054 962 4109 atet
996 4052 1079 4106 Locis
1097 4052 1181 4109 sicot.
1232 4035 1414 4107 iuvandae·
1423 4034 1608 4104 universae
1623 4027 1810 4101 Ecclesiae.

379 4278 538 4353 Hdnrt'co
555 4274 681 4355 VIII.
713 4274 816 4376 Regi
828 4246 996 4375 Augilas.
1271 4292 1298 4356 1)
1313 4290 1418 4359 scr'iiota
1430 4290 1529 4344 babent
1542 4286 1640 4371 codd.;
1656 4284 1752 4371 crcidit
1766 4282 1907 4406 aerqnl.
1920 4236 2105 4369 indeque-ap.
2116 4280 2219 4362 Pescia

1304 4358 1402 4415 select.
1418 4376 1492 4430 epp,
1508 4376 1555 4429 qm
1568 4368 1658 4410 tamen
1674 4374 1703 4410 su
1720 4352 1767 4408 lib.
1795 4392 1803 4408 .
1823 4350 1958 4406 ediditin
1973 4354 2219 4417 anemonen

188 4418 328 4529 Inclyta
344 4442 377 4499 et
393 4426 664 4498 clementissime
677 4424 767 4498 Reii.
820 4426 928 4516 Quod
942 4425 1055 4520 Regia
1070 4424 1185 4497 Maie-
1306 4427 1449 4495 uenatu).

190 4553 261 4610 stas
278 4547 339 4606 tua
352 4554 427 4600 uon
445 4528 560 4599 solum
573 4527 791 4635 amplissimo
809 4553 974 4614 munere,
1005 4531 1184 4600 sedetiam
1269 4514 1298 4673 3
1317 4514 1377 4657 Ξῖ,
1387 4516 1462 4657 Ἢ
1469 4514 1606 4655 Ραζέἵᾱῑῑω
1617 4511 1680 4604 cod.
1694 4510 1759 4565 Btv·
1775 4513 1804 4563 its
1815 4510 1979 4573 invasum.

191 4700 409 4727 -··-···-····
728 4672 746 4733 ἶ.
1237 4750 1242 4763 ¹
1270 4688 1298 4755 4)
1316 4686 1386 4742 Cod.
1400 4683 1483 4740 Goth.
1495 4685 1556 4738 tot.
1570 4684 1744 4739 allaturum.
1769 4678 1830 4734 cod.
1845 4676 1910 4733 nav.
1925 4678 2103 4734 atusunan.

227 4808 259 4874 *)
278 4806 399 4861 liabetur
416 4801 445 4853 iu
460 4798 538 4854 Actis
551 4776 780 4870 t'tnsrfiepisnn
799 4797 832 4852 ad
853 4798 961 4856 Ducem
982 4800 1114 4865 Saxouiae
1127 4801 1186 4855 ttte·
1272 4771 1299 4839 ⁵)
1316 4762 1760 4835 “¹1⁶⁶‘“”d⁰⁸]c⁰d'e⁰⁸h⁰⁴⁰l'
1782 4764 2003 4829 mmmm
2029 4752 2220 4825 anast*

261 4887 368 4931 ctorem
412 4869 472 4922 data
485 4866 545 4920 XV.
565 4866 677 4921 edent.
698 4867 755 4921 lau.
778 4869 872 4942 1⁵85„
896 4870 924 4923 iu
946 4890 999 4942 qus
1021 4871 1187 4926 oenomaus
1305 4830 1447 4937 mdf'fss‘
1832 4915 1847 4928 ..
1965 4915 1970 4923 Ι
2036 4915 2043 4930 ⁸
2085 4916 2092 4929 ⁴

262 4944 357 5009 Vidn,
376 4909 448 4992 luris
459 4945 513 5017 uti.
528 4934 610 4988 Doct.
624 4943 652 4987 et
663 4934 759 4990 Reier.
775 4934 811 4991 l).
827 4938 923 4993 Nuncii
940 4940 1064 5012 auditor,
1083 4940 1186 5006 scribit,
1271 4922 1301 4991 6)
1316 4924 1457 4989 cousilsis,
1475 4920 1560 4989 quac]
1576 4917 1645 4974 Cod.
1658 4916 1722 4970 nas.
1735 4915 1861 4969 mussitas
1875 4915 2146 4983 atquestetausisdrss.
2160 4924 2221 4977 qus.

262 5014 393 5081 Legatum
413 5004 589 5059 pontificium
611 5021 660 5074 pei·
673 5004 763 5059 literas
775 5004 919 5062 pontificis
932 5006 1045 5061 Maximi
1061 5007 1188 5076 Romaiu,
1272 5008 1301 5076 7)
1319 5004 1393 5060 addit
1411 5005 1472 5059 eod.
1487 5004 1554 5060 Bac,

264 5088 407 5153 propterea
427 5074 501 5145 quod
517 5072 615 5128 Caesar
626 5070 742 5126 Romaiu
757 5075 916 5146 propediem
928 5076 962 5131 sit
978 5083 1120 5146 venturus,
1144 5096 1187 5132 ac·
1273 5092 1304 5155 g)
1324 5088 1397 5144 cod·
1411 5088 1474 5142 ΒΝ
1490 5089 1598 5153 opinor·

265 5148 395 5204 cersitum
410 5161 466 5197 csse
505 5158 595 5223 neque
615 5140 624 5193 i
643 5140 696 5194 'tur
715 5152 854 5215 expectare
875 5144 995 5215 potuisse
1013 5164 1101 5216 usque
1121 5146 1187 5200 dum
1272 5176 1290 5231 9
1320 5174 1380 5232 ed
1408 5173 1431 5227 B
1501 5180 1513 5223 t
1562 5174 1599 5221 od

265 5178 599 5288 responsumsl’riucipe
648 5218 818 5266 ectorsaece
839 5210 916 5277 isset;
934 5212 1076 5284 reliquisse
1095 5226 1187 5271 autem
1291 5178 1303 5245 )
1344 5189 1501 5274 ⁰⁸,²''‘
1525 5188 1610 5265 Ψ·
2070 5255 2077 5267 ¹
2129 5252 2159 5265 ..

266 5304 310 5353 se,
329 5284 449 5343 Vitium.
475 5290 520 5363 iit²
545 5279 567 5333 si
622 5296 650 5333 aa
667 5278 790 5336 literasa
830 5282 934 5354 riueipe
951 5282 1115 5354 accepisset,
1131 5282 1204 5339 Ite·¹
1277 5264 1322 5329 10)
1339 5258 1535 5329 eratfioundi]
1552 5253 1600 5307 Sic
1612 5252 1693 5307 codd.
1707 5272 1758 5323 pro
1775 5254 1972 5307 declarandae
1989 5253 2179 5321 gratitudine.

80 5416 85 5425 Ι
151 5356 164 5369 “
267 5368 395 5408 manicas
409 5357 579 5404 transmitteu
599 5366 628 5402 ss
643 5358 759 5402 curaret.
1189 5350 1204 5395 ἐ
1277 5354 1323 5427 μ)
1342 5347 1533 5427 adduteique
1548 5342 1613 5399 cod.
1732 5412 1738 5426 υ
1831 5414 1835 5421 Ι
