4522 5760
112 215 188 293 aas
681 202 1116 284 nmsronauuu
1166 204 1273 285 nm.
1303 160 1387 285 vir.
1441 202 1595 323 csse,
2072 172 2146 283 aas

109 394 214 483 bages
245 385 472 476 significatam
505 403 595 465 esse,
637 395 674 452 et
703 366 840 451 oraculi
870 380 1100 472 interpretem
1152 379 1227 464 lor,
1258 394 1362 474 teque
1375 403 1452 449 non
1467 381 1649 466 desinam,
1679 382 1820 451 tametsi
1840 374 2077 465 σπεύδοντα,
2106 398 2137 452 ut

107 490 353 589 'quaerendum
384 508 457 555 esse
493 494 645 553 censent.
710 480 872 552 Veniunt
904 482 1023 575 itaque
1056 481 1102 549 ad
1152 482 1301 566 dicitur,
1341 476 1497 566 hortari,
1536 495 1577 551 ut
1600 495 1714 552 totum
1739 496 1775 552 te
1796 484 1841 552 ad
1863 477 1959 553 hanc
1982 478 2137 553 Philoso

110 593 315 675 Platonem,
347 588 411 681 qui
433 587 552 671 docet,
586 609 655 678 qua
671 584 711 653 in
724 607 763 653 re
779 585 824 654 sit
838 596 1013 667 erratum,
1046 581 1104 650 vi·
1152 579 1274 676 phiam
1292 583 1540 653 illustrandam
1555 583 1726 659 conferas.
1776 580 1898 656 Habes
1910 579 2025 655 huius
2038 577 2139 655 hone-

111 695 257 775 delicet,
298 691 448 761 nescisse
469 711 529 757 eos
542 685 634 775 'cubi
656 699 691 756 et
711 685 948 780 quadranguli
976 683 1103 754 discri·
1154 684 1298 755 stissimi
1311 685 1481 755 curriculi
1494 685 1626 771 socios,
1649 707 1726 756 non
1737 686 1990 773 sanemultos,
2022 686 2142 757 sedta·

111 820 211 881 men3
251 818 316 864 nec
346 816 388 861 ex
415 791 506 861 cubo
530 787 639 861 fuisse
663 787 949 882 quadrangulum
970 785 1104 855 facien·
1154 810 1237 859 men
1258 787 1397 879 aliquos
1420 785 1551 879 passim
1575 782 1846 872 indemnia,
1873 787 1975 858 viros
1998 787 2141 879 optimos

112 901 215 983 dum3
247 907 440 977 monstrat,
480 913 549 984 qua
571 889 710 959 ratione
734 890 845 959 cubus
867 888 1105 978 duplicandos
1155 902 1189 958 et
1207 888 1447 975 doctissimos,
1477 889 1595 981 quiet
1616 887 1686 979 ipsi
1705 911 1928 959 commovere
1951 888 2076 959 studia
2097 889 2160 973 io·,

112 1002 175 1085 sit;
212 1011 386 1068 caeterum
411 996 587 1075 admouet,
619 984 711 1060 hanc
737 989 870 1059 oraculi
894 989 1105 1058 sententiam
1155 991 1309 1060 vertutis
1323 984 1390 1059 hac
1405 990 1445 1057 in
1460 1014 1500 1059 re
1516 1003 1701 1061 conantur.
1740 986 1852 1062 Recte
1866 990 1967 1060 enim
1982 990 2146 1078 iudicant,

113 1125 205 1185 esse,
238 1099 288 1169 ita
311 1099 454 1166 demum
475 1091 661 1163 Graeciam
683 1092 840 1162 suturam
863 1091 1106 1184 tranquillam,
1156 1091 1328 1184 reliquam
1342 1086 1613 1183 Philosophiam
1636 1114 1795 1161 mancam
1819 1104 1855 1163 et
1876 1090 2051 1163 mutilam
2073 1116 2146 1177 esse,

114 1205 144 1273 si
166 1225 202 1272 se
227 1201 272 1269 ad
286 1191 556 1288 Philosophiam
572 1190 701 1263 Graeci
724 1193 997 1277 convertissent,
1022 1190 1106 1283 quia
1156 1192 1227 1262 nisi
1241 1216 1362 1263 rerum
1376 1192 1580 1263 coelestium
1594 1192 1751 1280 cognitio
1764 1194 1919 1265 accedat.

114 1302 201 1376 haec
220 1301 336 1371 studia
360 1297 498 1368 animos
520 1296 565 1364 ab
584 1294 780 1366 ambitione
795 1306 829 1363 et
847 1293 991 1364 caeteris
1007 1290 1109 1389 cupi·
1211 1378 1219 1383 ,
1258 1292 1335 1364 Scis
1362 1307 1480 1363 antem
1510 1293 1550 1361 in
1576 1287 1707 1363 scholis
1734 1293 1823 1386 opus
1854 1317 1930 1364 esse
1958 1294 2147 1367 clementis.

115 1404 302 1487 ditatibus,
328 1425 370 1470 ex
384 1399 513 1493 quibus
527 1397 622 1466 bella
638 1409 673 1465 et
686 1408 820 1465 caetera
834 1395 927 1465 mala
943 1395 1108 1479 existunt,
1156 1391 1229 1465 Nec
1262 1393 1353 1465 alius
1384 1394 1529 1467 libellus
1556 1395 1669 1486 magis
1693 1396 1911 1467 necessarius
1936 1410 2012 1481 est,
2049 1421 2148 1491 qoam

90 1581 95 1592 ,
114 1509 160 1578 ad
177 1527 334 1576 amorem
349 1501 445 1593 pacis
464 1512 499 1570 et
513 1496 794 1568 moderationem
809 1498 847 1566 in
866 1497 1035 1568 omnibus
1049 1519 1108 1565 re-
1158 1491 1376 1577 'l'heorieae‚
1402 1510 1444 1567 ut
1464 1509 1613 1581 vocant,
1642 1518 1708 1566 seu
1732 1495 1888 1589 picturae
1910 1498 2062 1569 orbium
2077 1522 2148 1570 coe-

114 1612 182 1680 hus
199 1597 425 1677 abducerent.
904 1596 924 1681 ‚⁸
1158 1597 1316 1667 lestinm:
1354 1620 1551 1691 quaecum
1580 1593 1639 1667 hic
1669 1597 1853 1669 ederemus
1875 1599 2070 1688 diligentia
2088 1600 2149 1671 viri

214 1706 333 1779 Huius
347 1699 438 1773 mihi
452 1698 628 1771 Platonici
644 1699 780 1771 oraculi
794 1698 996 1791 saepissime
1011 1697 1108 1769 venit
1158 1697 1286 1791 optimi
1308 1723 1348 1768 ac
1370 1697 1499 1770 veteris
1522 1697 1708 1792 utriusque
1730 1713 1893 1771 nostrum
1919 1700 2051 1788 arnici,
2088 1694 2150 1773 lo-

115 1816 154 1883 in
179 1821 353 1893 mentem,
393 1805 443 1876 mi
465 1798 613 1883 Simon,
656 1826 738 1873 cum
761 1796 954 1872 horribiles
976 1794 1108 1871 horum
1160 1796 1241 1869 cohi
1255 1792 1451 1885 Milichii,
1482 1813 1644 1885 ornatas,
1676 1799 1716 1869 in
1739 1800 1917 1871 vestibulo
1938 1796 2038 1873 hanc
2058 1805 2103 1875 ad
2120 1818 2150 1874 te

116 1930 319 2005 temporum
333 1907 507 1979 tumultus
520 1904 718 1977 considero.
765 1899 839 1973 Nec
852 1926 937 1973 vero
952 1901 1108 1973 alienum
1160 1902 1346 1994 epistolam
1362 1901 1583 1987 addidimus,
1611 1925 1688 1971 non
1707 1902 1826 1971 solum
1838 1904 1937 1996 quod
1950 1903 2009 1974 tui
2024 1928 2151 1975 memo-

116 2013 241 2111 putavi
263 2007 433 2081 hocloco
459 2006 627 2093 recitare,
656 2004 864 2098 pracsertim
892 2006 1046 2077 eumad
1075 2016 1110 2072 te
1159 2004 1249 2074 riam
1273 2002 1378 2073 nobis
1400 2002 1552 2073 subinde
1568 2016 1717 2075 renovat
1734 1998 1863 2075 harum
1876 2004 2015 2077 artium
2029 2019 2151 2079 tracta·

118 2109 326 2198 scriberem,
354 2108 539 2181 hominem
557 2132 638 2179 cum
659 2108 701 2176 in
716 2107 854 2200 reliqua
867 2098 1110 2197 Philosophia,
1160 2104 1229 2190 tio,
1261 2104 1325 2175 sed
1346 2104 1457 2196 magis
1480 2128 1541 2191 eo,
1572 2105 1658 2198 quia
1682 2104 2062 2198 libellumaperabam
2078 2110 2151 2202 plns

119 2236 195 2291 tum
211 2218 250 2286 in
266 2209 322 2284 his
336 2212 422 2306 ipsis
438 2211 573 2282 artibus
587 2209 877 2280 eruditissimum.
912 2204 1004 2276 Nam
1018 2202 1111 2275 mihi
1161 2203 1368 2279 habiturum
1390 2204 1522 2298 gratiae
1542 2207 1659 2298 ¹apud,
1673 2205 1850 2283 studiosos
1874 2221 2030 2301 propter
2051 2226 2150 2283 ,tuum

120 2341 261 2417 quoque
283 2339 396 2386 unum
416 2309 486 2384 hoc
507 2311 705 2382 remedium
725 2310 867 2380 videtur
886 2309 1110 2401 publicarum
1161 2331 1315 2394 nomen,
1347 2309 1445 2401 qnod
1468 2320 1613 2400 propter
1627 2307 1784 2397 egregias
1797 2309 1948 2381 virtutes
1964 2323 2050 2381 tuas
2064 2313 2150 2405 apud

120 2420 357 2493 calamitatum
374 2418 467 2500 lore,
501 2414 531 2482 si
549 2437 586 2482 se
606 2412 721 2483 nostri
743 2406 907 2481 homines
925 2411 972 2479 ad
991 2434 1111 2481 veram
1161 2432 1285 2480 omnes
1309 2409 1468 2480 literatos
1488 2410 1682 2479 admodum
1701 2411 1896 2499 gratiosum
1919 2424 1985 2486 est.
2051 2410 2150 2485 Prae·

119 2539 352 2613 veteremque.
367 2510 638 2607 Philosophiam
661 2527 884 2584 convertant:
918 2534 1111 2606 quaecum
1162 2527 1257 2583 terea
1271 2511 1406 2585 intueri
1427 2532 1551 2582 omnes
1572 2510 1611 2581 in
1630 2523 1666 2583 te
1687 2511 1810 2603 cupio,
1841 2525 1882 2583 ut
1906 2526 1978 2585 tuo
1995 2517 2149 2608 ωορκ

120 2625 288 2695 incendat
311 2621 449 2690 animos
469 2640 590 2688 amore
612 2640 653 2687 ae
674 2614 792 2685 studio
814 2613 991 2699 veritatis,
1016 2614 1112 2683 etad
1162 2613 1332 2703 cogitent,
1365 2635 1404 2683 se
1424 2608 1489 2681 has
1512 2635 1718 2683 communes
1736 2613 1857 2685 literas
1879 2638 1966 2685 cum
1991 2615 2149 2689 interiore

2 2722 5 2729 ’
122 2726 340 2796 intellectum
354 2736 460 2814 atque
475 2718 747 2789 admirationem
764 2716 977 2815 optimarum
993 2736 1133 2784 rerum·
1162 2707 1395 2805 Philosophia
1419 2713 1632 2803 coniungere
1653 2712 1791 2788 dehere.
1847 2712 1941 2785 Nam
1961 2712 2149 2809 Epicureos

123 2825 326 2906 exsuscitet,
359 2846 433 2892 una
461 2820 569 2890 elficit
590 2818 687 2887 viros
709 2818 823 2886 bonos
843 2841 883 2887 ac
903 2818 1113 2901 moderatos,
1162 2816 1259 2901 illos,
1293 2815 1356 2909 qui
1379 2838 1495 2908 neque
1518 2806 1777 2907 pulcherrimos
1804 2829 1925 2886 motus
1951 2819 2148 2891 coelestium

123 2954 163 3001 ac
177 2926 366 2999 dissimiles
381 2919 535 3005 horum,
564 2920 627 3012 qui
651 2942 748 2989 nunc
770 2931 915 3010 propter
936 2918 1113 2989 inscitiam
1164 2940 1352 3010 corporum
1366 2917 1609 3002 admirantur,
1636 2938 1752 3011 neque
1769 2917 2017 3006 cognitionem
2037 2944 2148 2993 eorum

122 3031 259 3102 bellum
281 3025 422 3097 veritati
444 3036 478 3094 et
499 3036 613 3092 rectae
635 3018 817 3090 doctrinae
837 3019 1050 3100 indixerint,
1080 3032 1115 3088 ct
1162 3019 1289 3090 utilem
1313 3041 1387 3089 esse
1409 3018 1647 3104 contendunt,
1680 3041 1727 3089 ne
1750 3019 1897 3111 quidem
1920 3021 2148 3115 appellatione

124 3135 163 3203 in
202 3124 366 3200 homines
404 3122 580 3195 studiosos
618 3116 830 3192 horribilem
869 3121 1113 3191 crudelitatem
1164 3116 1352 3190 hominum
1371 3119 1496 3210 dignos
1515 3120 1647 3194 iudico.
1696 3114 1841 3191 Etenim
1855 3144 1933 3191 non
1949 3124 2150 3195 solumhel·

123 3245 325 3314 exerceant,
357 3228 518 3321 publicas
532 3224 725 3297 discordias
742 3223 929 3315 praecipue
945 3223 1046 3294 alunt
1062 3236 1115 3291 at·
1164 3224 1239 3292 lum
1254 3235 1383 3311 gerunt
1402 3245 1485 3291 cum
1504 3214 1662 3291 humana
1682 3234 1828 3307 natura,
1855 3246 1950 3316 quae
1970 3225 2149 3321 praecipue

32 3385 39 3395 -
125 3360 193 3433 quc
205 3334 439 3403 inflammant.
488 3324 568 3399 Etsi
587 3339 706 3396 autern
721 3324 781 3392 isti
796 3322 956 3397 Platonis
971 3324 1114 3395 oraculo
1164 3325 1210 3394 ad
1234 3318 1297 3392 has
1319 3322 1459 3392 divinas
1479 3344 1537 3392 res
1560 3321 1806 3416 adspiciendas
1826 3324 1977 3397 condita
1996 3339 2070 3415 est,
2096 3328 2149 3399 aad

124 3433 220 3508 nihil
242 3432 461 3514 afficiuntur,
501 3451 567 3498 nos
593 3441 711 3497 tamen
733 3427 834 3496 dccet
855 3448 1001 3517 operam
1030 3427 1115 3494 dare
1165 3424 1271 3495 ctiam
1291 3416 1474 3517 θοόμαχοι
1496 3437 1591 3497 sunt.
1640 3420 1769 3493 Voluit
1790 3423 1886 3493 euim
1907 3422 2014 3499 Deus
2032 3424 2150 3501 horum

127 3537 229 3608 omni
247 3533 491 3613 contentione,
523 3541 564 3598 ut
583 3528 803 3597 iuventutem
824 3529 869 3596 ad
894 3522 980 3597 haec
998 3527 1114 3596 studia
1165 3525 1387 3596 mirabilium
1409 3546 1579 3595 cursuum
1599 3548 1640 3593 ac
1658 3525 1791 3595 virium
1812 3527 2006 3616 notitiam,
2035 3531 2151 3603 ducem

125 3659 347 3717 revocemus,
378 3645 411 3703 et
426 3644 468 3700 ut
483 3623 742 3723 pulcherrimae
757 3640 848 3698 artes
864 3640 1117 3698 conserventur
1167 3627 1272 3697 nobis
1302 3650 1376 3696 esse
1405 3627 1452 3696 ad
1482 3624 1680 3699 divinitatis
1712 3627 1966 3716 cognitionem.
2025 3628 2152 3722 Quam.

126 3756 161 3815 et
187 3743 232 3811 ad
256 3750 416 3831 posteros
436 3730 663 3824 perveniant,
698 3730 795 3821 quod
824 3744 916 3799 certe
940 3744 1116 3823 praestare
1167 3753 1274 3822 quam
1289 3729 1328 3797 in
1339 3721 1432 3798 hanc
1449 3725 1662 3799 sententiam
1677 3728 1748 3798 alio
1765 3728 1805 3797 in
1823 3728 1903 3799 loco
1924 3732 2044 3803 multa
2064 3756 2151 3805 ante

125 3844 196 3937 ipsi
210 3843 251 3911 in
266 3836 333 3909 hoc
349 3836 442 3906 vitae
457 3855 584 3924 genere
606 3832 794 3914 debemus,
827 3844 861 3900 et
880 3845 921 3900 ut
942 3832 1029 3900 olim
1050 3826 1117 3901 ha-
1167 3831 1339 3922 disputata
1354 3842 1455 3900 sunt:
1486 3844 1621 3913 tamen,
1653 3829 1824 3921 quoniam
1844 3823 1932 3907 haec
1954 3834 2151 3906 odotem

126 3948 209 4016 beat
233 3938 433 4033 respublica
455 3936 549 4006 cives
569 3946 662 4003 recte
682 3932 839 4020 eruditos
866 3927 930 4003 καὶ
955 3927 1118 4029 γνησίως
1167 3931 1236 4003 tiae
1252 3932 1382 4020 magis,
1414 3953 1521 4025 quarn
1537 3930 1621 4015 tibi,
1653 3929 1800 4020 legenda
1816 3932 2030 4023 scribimus,
2054 3962 2152 4032 quae·

127 4045 447 4143 φιλοσοφοῦντας,
482 4037 544 4129 qui
567 4033 702 4105 mederi
722 4033 875 4124 publicis
890 4035 991 4103 malis
1007 4047 1042 4104 et
1056 4058 1118 4103 ve-
1168 4036 1248 4104 dam
1262 4026 1372 4102 huius
1387 4031 1570 4103 doctrinae
1585 4030 1756 4102 utilitates
1768 4032 1990 4124 colligendae
2006 4053 2101 4115 sunt.

125 4149 197 4218 lint
216 4157 251 4214 ct
274 4142 421 4235 possint.
476 4136 600 4232 Neque
623 4160 707 4205 vero
732 4135 800 4204 ulli
828 4135 956 4205 melius
984 4121 1118 4225 glorio-
1266 4130 1429 4211 Primum
1450 4133 1600 4224 pecuina
1624 4133 1696 4202 vita
1719 4146 1824 4219 esset,
1859 4130 1891 4204 'si
1920 4138 2065 4209 nullam
2086 4163 2152 4211 m.

128 4250 271 4338 eiusque
300 4246 344 4313 de
368 4241 534 4311 universo
559 4260 684 4328 genere
709 4232 866 4305 humano
886 4237 1013 4305 mereri
1035 4261 1119 4305 cen·
1168 4252 1240 4309 tam
1262 4234 1349 4303 anni
1367 4258 1407 4305 ac
1431 4247 1631 4325 temporum
1648 4234 1920 4325 descriptionem
1937 4232 2154 4315 haberemur

81 4383 86 4391 ·
129 4348 232 4421 scndi
264 4358 364 4425 sunt,
404 4364 468 4411 nec
494 4337 571 4409 Deo
604 4338 737 4429 gratius
767 4338 880 4408 lacere
913 4338 1118 4431 quidquam,
1169 4336 1240 4409 Sed
1257 4335 1317 4405 illa
1334 4336 1470 4406 utilitas
1485 4335 1589 4425 longe
1606 4335 1721 4407 maior
1741 4349 1811 4421 est,
1840 4340 1940 4431 qnod
1965 4340 2064 4433 leges
2082 4342 2154 4413 ξιιμ

129 4473 236 4548 qnam
253 4446 346 4540 siqui
364 4439 432 4513 hoc
451 4440 600 4512 consilio
616 4439 831 4531 optimarum
849 4439 980 4508 artium
1002 4439 1118 4509 studia
1169 4452 1330 4508 motuum
1356 4437 1565 4507 constitutae
1588 4437 1633 4505 ad
1654 4438 1816 4508 omnium
1842 4439 2088 4514 animantium
2106 4468 2156 4515 sa·

129 4553 326 4626 defendunt
341 4560 445 4637 atque
460 4554 603 4613 ornant.
631 4538 726 4609 Huic
742 4540 868 4610 merito
883 4540 976 4609 nulli
991 4540 1120 4610 trium·
1169 4540 1297 4622 lutem,
1330 4539 1458 4607 deinde
1480 4551 1515 4607 et
1536 4538 1629 4606 vires
1650 4537 1855 4611 coelestium
1870 4540 2058 4615 luminum
2070 4547 2155 4617 mul-

128 4652 212 4749 phi,
244 4650 364 4722 nullae
380 4644 547 4714 victoriae
560 4643 637 4712 iure
652 4640 821 4730 anteponi
834 4653 1013 4731 poterunt.
1065 4637 1119 4710 Ac
1170 4641 1305 4729 tiplices
1329 4652 1364 4708 et
1381 4638 1605 4730 superiorum
1625 4653 1729 4730 atque
1743 4640 1956 4712 inferiorum
1974 4668 2156 4737 corporum

130 4757 215 4828 novi
231 4750 454 4844 ego-quidem
469 4759 549 4815 tuos
564 4744 607 4813 ad
623 4737 868 4811 hanclaudem
883 4741 1034 4831 impetus
1048 4742 1118 4810 iam
1171 4763 1378 4823 consensus,
1415 4740 1599 4831 perspicue
1624 4752 1813 4826 testantur,
1850 4736 1952 4813 hunc
1976 4750 2157 4832 mnndum,

130 4860 231 4931 olim.
282 4853 351 4925 Sed
365 4861 552 4942 postquam
568 4868 664 4913 nunc
679 4843 834 4932 optimos
847 4856 1021 4927 auctores,
1044 4843 1121 4933 pri·
1171 4856 1210 4911 ut
1238 4840 1481 4911 venustissime
1510 4841 1628 4934 inquit
1648 4834 1869 4939 Xenophon,
1909 4853 2041 4942 σοφοῦ
2066 4845 2157 4930 mag

131 4984 230 5029 mum
246 4942 496 5028 Aristotelem,
521 4944 650 5013 deinde
664 4937 860 5011 Euclidem
877 4956 911 5011 et
925 4936 1120 5039 Platonem
1171 4937 1403 5038 δημιουργοῦ
1414 4937 1480 5015 καὶ
1492 4935 1679 5038 φιλοζώοο
1690 4938 1855 5037 τέχνημα
1869 4968 1966 5032 esse,
1990 4974 2033 5021 ac
2047 4964 2157 5023 mente

132 5061 192 5130 edi
209 5055 357 5138 curasti,
382 5065 433 5137 et,
463 5062 503 5120 nt
519 5045 696 5130 intelligo,
726 5044 797 5115 iam
822 5045 973 5113 adornas
993 5045 1121 5113 editio·
1172 5044 1290 5135 aliqua
1307 5058 1447 5113 aeterna
1471 5056 1506 5112 et
1527 5046 1659 5134 optima
1682 5047 1882 5115 conservari
1903 5061 2016 5143 atque
2036 5054 2158 5143 guba-

133 5185 216 5232 nem
242 5157 395 5247 Magnae
415 5151 608 5247 Syntaxeos
628 5136 850 5226 Ptolemaei,
889 5160 1025 5216 exstant
1051 5145 1121 5214 mi·
1171 5144 1260 5213 nari.
1312 5142 1494 5233 Quantum
1515 5159 1633 5216 autem
1650 5147 1776 5231 refert,
1799 5142 1997 5221 hominum
2017 5156 2158 5239 animos,

134 5264 229 5333 nime
246 5261 393 5330 obscura
408 5250 532 5324 iudicii
546 5272 585 5319 ac
600 5247 792 5317 voluntatis
808 5260 887 5315 tuae
910 5246 1121 5319 testimonia.
1172 5246 1348 5315 intuentes
1362 5247 1401 5313 in
1414 5246 1475 5315 illa
1491 5246 1689 5316 divinitatis
1703 5248 1868 5338 vestigia,
1886 5250 2032 5325 firmam
2049 5270 2158 5329 teneas

135 5364 258 5458 ltaque
281 5374 316 5431 et
336 5359 403 5429 tihi
424 5351 520 5433 hunc
546 5350 706 5423 animum
724 5361 761 5417 et
774 5347 987 5439 reipublicae
999 5364 1121 5439 gratu·
1172 5349 1434 5439 persuasionem
1457 5350 1499 5416 de
1515 5343 1584 5416 Dei
1608 5350 1806 5439 praesentia
1828 5352 1954 5447 deque
1973 5358 2159 5447 pmvidm.
