4522 5760
116 220 219 307 soti
345 182 352 201 ’
673 190 1118 333 'srtsromruu
1167 222 1395 302 urnvn.
1456 210 1592 303 ι’σιί.
1800 244 1803 249 ·
2010 184 2151 311 'tore

110 388 304 477 versarius.
354 397 468 473 Porro
491 422 608 496 neque
625 398 739 471 libera
754 384 912 495 synodus
927 399 1111 493 nequele-
1163 396 1362 470 clesiasticis
1385 398 1564 491 exemplis.
1634 396 1743 489 Quod
1768 396 1886 474 sibae
1911 400 2067 494 legitima
2093 406 2152 478 via

113 505 238 599 gitima
254 504 342 591 erit,
356 557 359 561 -
373 503 414 585 si,
422 502 634 575 adversariis
651 502 877 595 permittetur
896 502 1052 593 cognitio
1063 512 1111 571 ·et
1162 524 1238 569 non
1266 498 1451 595 tyrannica
1474 500 1753 574 intellexerimus
1771 528 1848 574 rem
1869 507 2041 595 agendam
2065 530 2150 593 esse,

111 607 307 693 iudicium,
337 628 485 701 eamque
499 605 548 676 ob
565 627 705 675 causam
720 603 875 693 flagitata
888 616 923 673 et
936 602 1111 695 promissa
1161 624 1237 673 non
1260 600 1419 674 defuturi
1440 624 1562 673 sumus
1581 615 1704 675 nostro
1727 604 1861 703 officio,
1895 630 1938 677 ac
1960 630 2151 700 speramus,

80 733 83 737 ⁵
112 721 169 779 est
184 708 296 779 libera
310 708 484 802 synodus,
507 700 577 776 hoc
598 719 669 791 est,
693 706 733 799 in
755 718 826 799 qu'a
849 704 1032 775 communi
1052 703 1109 774 iu·
1160 704 1256 786 fore,
1281 703 1321 773 in
1336 701 1400 777 tali
1417 703 1619 792 cognitione
1637 719 1680 776 ut
1698 707 1828 779 veritas
1847 709 2006 800 patefiat,
2035 712 2151 802 gloria

112 809 210 881 dicio
220 806 464 903 Imperatoris,
486 805 647 898 Regum,
671 805 944 892 Potentatuum,
968 804 1110 875 Princi-
1161 800 1298 877 Christi
1312 806 1526 892 illustretur,
1557 819 1593 876 et
1612 809 1852 903 tranquillitas
1866 810 2030 883 ecclesiae
2046 814 2150 885 resti-

112 936 203 1003 pum
219 934 259 981 ac
274 910 439 989 Statuum
455 911 657 1001 deligantur
673 932 715 979 ex
731 908 899 979 omnibus
920 906 1109 978 ordinibus
1160 918 1292 981 tuatur.
1356 904 1426 977 Sed
1450 907 1577 978 sinon
1598 901 1789 981 habebitur
1813 908 1961 1009 libera⁸)
1983 916 2149 1009 synodus,

112 999 421 1111 homines'idon'oi
443 1035 519 1080 non
541 1010 705 1103 partiales
726 1012 770 1079 ad
793 1002 1052 1101 cognoscendas
1074 1020 1110 1108 et
1161 1002 1219 1077 hic
1235 1020 1400 1079 testatum
1412 1008 1594 1096 volumus,
1618 1032 1686 1079 nos
1700 1024 1734 1083 et
1747 1012 1903 1102 legitima
1916 1028 2035 1109 petere
2050 1029 2084 1086 et
2098 1041 2149 1103 ea,

113 1112 363 1199 diiudicandus
382 1108 448 1186 has
469 1112 726 1183 controversias
748 1110 845 1183 iuxta
863 1113 1012 1183 verbum
1027 1108 1108 1185 Dei.
1160 1132 1249 1204 quae
1271 1111 1518 1179 incommune
1541 1112 1729 1203 expediant
1754 1114 1940 1185 universae
1972 1116 2149 1204 ecclesiae,

112 1213 279 1287 Primum
292 1216 398 1301 ¹enim
412 1210 542 1310 synodi
557 1216 691 1286 debent
705 1235 778 1282 esse
791 1211 922 1283 iudicia
937 1236 1011 1282 non
1028 1226 1108 1283 tan-
1160 1225 1195 1282 et
1216 1232 1306 1307 quae
1326 1234 1403 1280 non
1426 1212 1574 1282 obscure
1590 1208 1714 1284 omnes
1727 1215 1816 1285 boni
1829 1216 1899 1285 viri
1916 1220 2009 1309 apud
2027 1243 2149 1290 omnes

112 1315 420 1407 tnrnPontificum
433 1316 493 1387 sed
510 1314 616 1387 etiam
631 1316 790 1411 reliquae
805 1314 988 1399 ecclesiae,
1019 1312 1109 1384 sient
1158 1325 1278 1403 gentes
1298 1326 1422 1405 optant
1442 1324 1477 1384 et
1496 1313 1670 1405 flagitant.
1719 1314 1790 1387 Sed
1813 1317 2073 1410 providendum
2088 1345 2149 1392 ex-

114 1431 152 1489 et
167 1441 285 1490 sacrae
298 1418 420 1511 literae
434 1432 599 1509 etuvetera
615 1416 845 1487 ecclesiastica
861 1414 1018 1507 exempla
1030 1417 1109 1486 'do-
1158 1412 1375 1500 istimamus,
1405 1437 1470 1502 ne,
1500 1414 1532 1484 si
1553 1409 1814 1489 controversiae
1836 1442 1912 1489 non
1931 1442 2147 1511 cognoscan-

113 1533 214 1606 ceut,
240 1508 332 1615 quae
347 1532 539 1605 testantur,
569 1518 648 1612 pios
666 1518 846 1611 principes
854 1514 882 1615 ⁸)
906 1516 1107 1588 interfuisse
1157 1530 1216 1587 tur
1230 1516 1297 1588 rite
1315 1531 1350 1588 et
1364 1516 1602 1588 ordineiuxta
1617 1518 1767 1590 verbum
1779 1516 1869 1607 Dei,
1894 1522 2008 1593 maior
2029 1521 2068 1592 in
2091 1549 2148 1595 ec-

112 1621 311 1715 coguitioni
325 1622 405 1693 ins
454 1619 544 1692 odis.
593 1616 729 1714 Estque
748 1619 968 1714 impudentia
993 1633 1028 1690 et
1049 1632 1106 1713 ty·
1157 1618 1262 1689 clesia
1286 1619 1488 1712 dissipatio,
1527 1621 1680 1691 maiores
1703 1636 1822 1692 motus
1843 1622 2016 1699 oriantur.
2043 1658 2047 1667 ¹
2072 1624 2148 1698 Nos

113 1723 241 1801 raunis
271 1646 591 1797 Rom.'Pdntificis
624 1723 868 1795 auctoritatem
897 1720 937 1790 in
964 1721 1107 1791 iudiciis
1157 1720 1301 1815 quidem
1334 1745 1411 1790 non
1443 1743 1565 1792 sumus
1598 1723 1755 1794 defuturi
1787 1726 1967 1794 communi
1989 1726 2148 1815 utilitati,

112 1808 318 1917 dogmatum
335 1822 520 1921 religionis
540 1812 712 1896 anteferre
735 1822 936 1897 auctoritati
959 1822 1106 1893 univer·
1158 1821 1407 1917 tranquillitati
1429 1836 1463 1893 et
1485 1824 1704 1898 concordiae.
1767 1820 1836 1909 Et,
1868 1838 1910 1896 ut
1938 1828 2148 1915 doctrinam,

112 1918 382 2011 sae·ecclesias.''
417 1923 533 2015 Quale
554 1916 672 1996 valere
693 1926 732 1994 in
752 1926 897 2021 synodis
917 1924 1106 1997 auctoritas
1157 1945 1247 2018 quae
1262 1926 1307 1993 ad
1321 1924 1472 2015 gloriam
1486 1922 1555 1995 Dei
1570 1926 1741 2019 pertinet,
1766 1926 1918 1998 abiicere
1934 1952 2009 1998 non
2022 1954 2148 2022 possu-

111 2024 273 2119 Regum,
298 2012 524 2119 Principum,
547 2024 821 2121 potentatuum,
845 2050 885 2097 ac
901 2020 1106 2125 Statuum⁸)
1156 2048 1253 2112 mus,
1276 2020 1457 2125 (Christus
1476 2024 1572 2096 enim
1592 2028 1726 2123 inquit,
1758 2025 1833 2117 Qui
1845 2029 2072 2103 confitebitur
2089 2056 2147 2103 me

111 2128 236 2212 debet,
266 2131 471 2220 praesertim
485 2128 525 2198 in
540 2131 652 2201 causis
665 2128 768 2216 fidei,
798 2153 880 2199 cum
899 2142 1107 2200 accusantur
1156 2150 1275 2197 coram
1299 2122 1525 2214 bominibus,
1556 2130 1751 2216 confitebor
1773 2142 1809 2200 et
1829 2152 1893 2220 ego
1915 2154 1997 2201 eum
2027 2157 2147 2204 coram

110 2226 328 2319 Pontificum
344 2231 430 2302 vitia
446 2246 481 2303 et
495 2254 650 2315 errores,
683 2229 965 2323 videlieet'impii
978 2231 1105 2315 cultus,
1155 2242 1254 2320 patre
1268 2250 1347 2299 meo
1360 2224 1537 2326 coelesti):
1568 2231 1618 2302 ita
1633 2232 1672 2301 in
1689 2231 1833 2302 caeteris
1848 2230 1954 2302 rebus
1967 2256 2007 2304 ea
2022 2236 2146 2329 aequi-

111 2355 221 2427 prava
234 2328 401 2425 'dogmata
416 2357 497 2403 cum
511 2332 913 2427 evangeliopugnautia.
1157 2342 1226 2401 tate
1252 2330 1308 2401 uti
1333 2342 1470 2424 semper
1497 2333 1733 2418 decrevimus,
1773 2347 1816 2404 ut
1841 2331 1994 2427 intelligi
2021 2336 2145 2428 possit,

120 2466 123 2470 ¹
211 2428 290 2504 Hae
304 2457 428 2507 causae
443 2436 630 2527 praecipue
651 2458 855 2505 communes
874 2447 976 2523 sunt,
1009 2434 1105 2504 etad
1155 2455 1223 2503 nos
1238 2435 1449 2505 concordiae
1462 2435 1625 2525 publicae
1638 2435 1790 2505 maxime
1804 2435 1952 2528 cupidos
1968 2458 2051 2512 esse.

110 2534 315 2625 universam
331 2537 513 2607 ecclesiam
532 2536 723 2631 pertinent.
772 2532 823 2610 Et
843 2536 883 2606 in
903 2531 961 2604 bis
981 2535 1105 2628 provi·
1250 2532 1353 2606 llaec
1367 2534 1431 2607 tibi
1449 2536 1495 2605 ad
1511 2536 1710 2608 orationem
1725 2551 1823 2608 tuam
1843 2551 1879 2609 et
1899 2552 2021 2610 nostra
2042 2562 2146 2611 causa

111 2638 198 2707 dere
219 2638 351 2710 debent
370 2636 487 2731 Reges
508 2662 549 2708 ac
568 2634 771 2731 Principes,
803 2650 845 2708 ut
864 2637 1021 2728 legitima
1044 2636 1105 2708 liat
1155 2646 1189 2705 et
1211 2650 1357 2730 propter
1377 2661 1602 2709 communem
1626 2638 1792 2710 ecclesiae
1812 2640 2001 2711 utilitatem
2023 2664 2146 2712 necea

110 2738 288 2831 rognitio,
312 2740 404 2811 sicut
418 2754 453 2811 et
464 2740 625 2833 plerique
641 2739 703 2809 alii
719 2739 874 2833 episcopi
886 2752 1033 2832 propter
1046 2762 1104 2808 er·
1154 2739 1247 2809 sario
1264 2739 1431 2810 duximus
1446 2762 1520 2810 csse
1534 2742 1794 2835 respondenda.
1844 2738 1943 2833 Bene
1959 2743 2050 2817 vale.

105 2863 211 2913 cures
241 2864 344 2934 saepe
375 2840 517 2912 iudiciis
539 2842 765 2931 ecclesiarum
785 2864 930 2913 suarum
953 2854 988 2913 et
1008 2864 1103 2910 non·
1254 2836 1387 2912 Datum
1401 2839 1634 2914 Smalcaldiae
1649 2844 1716 2913 sub
1732 2842 1864 2913 nostris
1878 2839 2146 2929 DucisElectm

110 2941 206 3012 nulli
224 2939 544 3035 RomPontifices
565 2942 772 3014 auctoritate
792 2943 1046 3037 imperatorum
1068 2956 1103 3015 et
1152 2940 1203 3010 ris
1218 2940 1391 3013 Saxoniae
1407 2956 1491 3031 etc.,
1524 2938 1727 3015 Francisci
1734 2940 1843 3013 Ducis
1857 2941 2145 3044 Luneburgensis

109 3043 277 3115 ecclesiae
291 3044 450 3115 damnati
467 3036 562 3115 sunt.
609 3042 757 3115 Constat
771 3058 905 3132 autern,
930 3037 998 3115 hoc
1012 3056 1102 3116 tem·
1152 3054 1188 3112 et
1206 3039 1496 3131 Brunsvicensis,
1535 3038 1709 3142 Philippi
1728 3038 1974 3138 Landgraoii
1999 3046 2146 3163 Hessiae

109 3168 199 3238 pore
211 3158 325 3216 motas
334 3146 407 3217 es'se
422 3146 679 3241 controversias
692 3147 737 3217 de
750 3145 857 3217 rebus
870 3146 1041 3233 maximis,
1056 3148 1101 3216 de
1151 3144 1294 3217 annulis
1317 3141 1577 3241 signatoriis⁹),
1609 3146 1668 3217 die
1690 3148 1821 3217 mensis
1844 3145 2050 3219 Decembris
2063 3149 2126 3225 21.

109 3247 362 3341 opinionibus,
394 3247 548 3320 cultibus
573 3246 712 3341 impiis,
742 3271 832 3342 quos
849 3243 958 3335 Rom.
972 3244 1100 3319 Ponti·
1150 3256 1245 3318 anno
1264 3248 1401 3318 domini
1418 3246 1471 3319 M.
1479 3245 1686 3323 mlxxv.

108 3349 169 3418 fex
192 3372 267 3439 non
290 3350 406 3439 solum
436 3347 620 3420 sententiis
645 3349 707 3420 sed
736 3350 842 3420 etiam
868 3348 1101 3420 acerbissimis

109 3448 235 3521 edictis
256 3450 426 3524 defendit.
474 3444 668 3522 Exercetnr
687 3450 873 3543 pontificia
893 3449 1100 3523 auctoritate

109 3551 203 3622 mira
216 3552 406 3625 crudelitas
422 3551 462 3622 in
476 3576 553 3639 eos,
585 3553 737 3647 quinon
758 3553 914 3647 probant
932 3553 1013 3624 illos
1037 3554 1101 3625 ab·

109 3646 220 3727 usus.¹
259 3644 357 3724 ldeo'
368 3653 453 3725 satis
471 3666 634 3749 apparet,
665 3652 772 3728 Rom.
787 3653 997 3726 Pontificem
1019 3678 1120 3747 par--

109 3752 233 3825 tialem
255 3769 291 3826 et
311 3755 552 3851 adversarium
576 3778 667 3838 esse,
701 3767 736 3827 et
757 3758 797 3825 in
818 3748 897 3853 boc,
907 3781 991 3829 casu
1012 3781 1102 3852 opus

110 3877 186 3927 esse
218 3846 426 3955 auctoritate
452 3857 635 3943 ecclesiae,
668 3853 916 3951 Imperatoris,
950 3856 1102 3949 Regum,

111 3968 148 4029 et
172 3968 391 4055 caeterorum
413 3956 622 4052 Principum
650 3983 690 4031 ac
712 3958 879 4032 Statuum
900 3954 947 4030 ad
973 3960 1104 4050 guber-

111 4060 269 4130 nandam
285 4060 533 4153 cognitionem.

211 4156 286 4231 Nos
313 4160 441 4252 igitur,
473 4175 514 4232 ut
546 4173 649 4231 antea
675 4161 882 4253 petivimus,
923 4162 973 4233 ita
1004 4186 1103 4234 nunc

110 4285 255 4356 quoque
276 4263 446 4353 petimus,
487 4275 527 4333 ut
549 4263 721 4352 generalis
753 4276 788 4334 et
807 4264 866 4357 pia
879 4259 908 4360 7)
932 4276 968 4335 et
990 4264 1103 4337 libera

110 4364 269 4459 synodus
279 4359 477 4450 habeatur,
509 4355 644 4434 horest
667 4364 707 4433 in
733 4388 803 4459 qua
836 4366 1037 4456 deligantur
1060 4391 1102 4436 ex
1152 4345 1347 4422 N⁰·138⁰·
1965 4356 2133 4427 22·ow-

1161 4442 1334 4475 m
1966 4448 2139 4481 m

1200 3397 1269 3473 Dei
1285 3400 1396 3491 gratia
1410 3394 1602 3471 Iohannes
1615 3393 1849 3486 Fridericas,
1875 3401 1958 3475 Dux
1972 3403 2146 3479 Saxoniae

1253 3502 1344 3573 sacri
1357 3500 1466 3575 Rom.
1497 3501 1643 3597 Imperii
1651 3498 1982 3578 Archimarschalus
1996 3521 2032 3579 et
2044 3507 2146 3601 prin·

1255 3626 1336 3696 ceps
1350 3599 1494 3677 Elector
1513 3618 1579 3679 etc.

1202 3698 2145 3801 FranctseusltmltmnsvicsnsiserLunehurgensis,

1201 3800 1404 3907 Philippus
1423 3806 1669 3900 Landgravius
1694 3807 1841 3881 Hessiac
1867 3820 1947 3883 etc.'
1961 3835 2033 3883 una
2063 3837 2146 3885 cum

1255 3909 1400 3982 caeteris
1414 3910 1638 4003 principibus
1653 3911 1865 3999 comitibus,
1896 3914 2090 3986 baronibus
2112 3928 2147 3986 et

1254 4012 1456 4083 civitatibus
1471 4012 1510 4081 in
1526 4007 1593 4093 hac
1609 4014 1839 4105 responsione
1854 4016 2064 4087 coniunctis.

109 4462 278 4535 omnibus
293 4464 480 4536 ordinibus
495 4459 659 4535 homines
674 4465 810 4551 idonei,
834 4490 911 4537 non
926 4460 1102 4560 partiales,
1722 4552 1726 4557 Ι
1753 4536 1760 4553 ,
1806 4472 1810 4479 “

110 4565 176 4659 qui
198 4566 422 4657 gravissimas
454 4566 710 4637 controversias
739 4566 835 4639 iuxta
858 4568 1007 4639 verbum
1033 4567 1102 4639 Dei
1311 4533 1581 4644 R33P⁰n3um
1610 4528 1787 4615 Βθῖἶαῑθ
1816 4530 1987 4619 datum·

109 4666 320 4742 diifldioem·
372 4664 472 4758 Qnid
493 4682 610 4760 P⁰test
631 4668 778 4763 aequius
798 4670 896 4763 Peli?
943 4666 994 4741 Et
1012 4664 1101 4742 haee
1219 4712 1332 4769 Editum
1351 4718 1393 4767 est
1411 4709 1465 4765 boc
1484 4728 1528 4765 res
1547 4726 1644 4766 oneum
1662 4709 1691 4763 in
1710 4709 1844 4768 Melrntlr.
1859 4676 1963 4768 Consil.
1984 4712 2059 4771 latin.
2075 4715 2106 4770 P.
2122 4716 2143 4770 l.

108 4768 224 4839 forma
240 4769 453 4858 cognitionis
468 4782 703 4841 consentanea
717 4785 768 4842 est
785 4795 874 4842 evan
899 4771 968 4843 elio
987 4786 1024 4844 et
1043 4796 1100 4845 ec·
1251 4834 1254 4839 ,
1275 4774 1374 4835 Later
1394 4798 1420 4851 q.
1434 4798 1450 4833 ι
1463 4776 1517 4834 Ριι
1543 4775 1583 4834 ιο.
1617 4780 1800 4852 apographon
1818 4778 1869 4834 ..a
1888 4780 1965 4836 eatae
1981 4783 2144 4841 nmsoenn

876 4794 898 4863 g
1254 4798 1412 4905 {rhetorio
1426 4846 1488 4902 eod.
1504 4846 1584 4901 Basil.
1595 4845 1639 4901 89.
1656 4866 1683 4931 p.
1697 4850 1779 4919 112,r
1796 4849 1842 4913 ubi
1855 4848 1989 4941 adscripta
2000 4851 2144 4974 litgpnturs

108 4974 319 5003 ...,....
965 4932 969 4941 ·
1255 4914 1625 4990 „staneissusrinoeienn's
1636 4914 1860 4987 tuirstaueet.
1871 4916 1945 4972 1535.
2067 4920 2143 4976 Λςιῐ,

893 4989 902 5008 ’
1255 4982 1598 5055 in'l'abular.Vinar.1leg.
1611 4984 1645 5039 ll.
1658 4984 1708 5041 sol.
1718 4985 1764 5043 97.
1777 5005 1826 5042 no.
1835 4986 1882 5047 42.
1895 4986 2142 5061 indigitandis.

143 5095 174 5161 5)
192 5056 288 5150 Germ.
302 5091 394 5150 aldit:
413 5096 476 5153 ont
496 5097 599 5155 entre
620 5094 759 5165 ebriati
776 5099 885 5157 teate.
1159 5141 1393 5159 -....-...

144 5179 177 5248 6)
195 5176 289 5232 Germ.
304 5188 368 5233 text.
383 5162 475 5234 additi
506 5179 579 5246 corb
610 5180 785 5251 feruores,
817 5180 1009 5321 ptttttrbct
1038 5186 1102 5245 aab
1732 5247 1738 5262 ,

179 5248 341 5313 abstaret
358 5245 544 5317 ιιιιιιῐιιιιιι,
563 5251 627 5321 unt
644 5250 754 5317 latter
775 5251 811 5308 tlt
850 5254 1029 5325 ttrstcote
1045 5269 1104 5326 ιιιι
1185 5251 1214 5323 8)
1231 5268 1318 5322 germ.
1334 5248 1387 5307 rto
1405 5246 1534 5318 ,sactu
1551 5244 1618 5315 itti
1636 5243 1766 5304 Μαί·

181 5317 315 5385 verbis
331 5317 492 5387 ιιιοιιιιιιι
508 5319 648 5375 metten.
1185 5337 1214 5407 9)
1232 5334 1337 5390 verber
1368 5334 1421 5388 sut
1440 5332 1549 5386 ιιοιιήι
1568 5328 1657 5386 vuer
1673 5320 1732 5386 ete.
1749 5346 1806 5384 non
1825 5330 1952 5403 leguntur
1970 5332 2141 5399 inversione
2165 5338 2168 5345 '

145 5400 174 5470 7)
192 5402 331 5469 generalis
346 5410 373 5457 st
382 5402 433 5469 pia
446 5420 504 5459 non
518 5398 599 5457 babet
613 5409 677 5456 tert.
690 5417 776 5473 germ.
2049 5442 2055 5449 -

1221 5423 1358 5550 Ἥ*

2129 3248 2141 3282 ‚
2204 3252 2207 3257 .
