4522 5760
175 216 251 319 ooo

169 393 344 557 :perpotet
364 403 514 466 responso
527 381 624 464 priori
636 382 684 447 'de
697 382 846 463 concilio,
873 383 1053 471 Imperatori
1079 382 1170 447 exbi-

191 482 245 537 rto.
736 492 739 503 ¹

741 208 1182 313 urrsrootnum
1231 207 1342 301 mn.
1376 205 1461 282 vu
1513 203 1647 297 aoso.
1709 162 1716 279 s

2143 209 2212 289 ⁹⁰⁰

1219 396 1260 455 nt
1281 395 1391 454 status
1411 381 1541 476 aliquis
1560 381 1619 451 vel
1635 379 1825 453 mediocris
1847 381 2147 469 constitueretur,
2166 399 2214 457 et

1218 508 1293 554 uon
1309 484 1471 576 funditus
1482 483 1676 571 ,interirent
1691 507 1747 553 res
1763 483 1879 554 bonae
1894 508 2034 575 omues.
2088 482 2133 555 ld
2147 485 2214 558 ten

1140 614 1143 618 ’
1218 610 1294 656 non
1308 586 1450 679 poterit,
1476 584 1547 654 uisi
1562 609 1627 655 uos
1638 609 1780 679 quoque
1794 599 1919 656 mutuo
1932 585 2216 677 complectamur,

171 783 367 912 Q.

1027 879 1167 909 Μ

454 954 601 1038 Iouch.
634 949 896 1038 Cameraro'o.

260 1127 345 1199 Epist.
359 1128 392 1182 ad
405 1127 544 1184 Camerar.
564 1147 591 1199 p.
605 1126 657 1180 246
671 1146 712 1199 sq.

176 1261 275 1336 Viro
301 1268 437 1365 optimo
463 1263 491 1336 I
495 1261 707 1343 ouohimo
740 1253 1019 1336 Camerario
1048 1261 1172 1337 Bam-

416 1367 586 1463 bergen‘si
610 1365 730 1438 amico
762 1390 926 1455 summo,

172 1488 217 1580 S.
231 1503 275 1577 D.
328 1501 500 1592 Quotidie
525 1496 617 1569 mihi
638 1493 787 1572 facultas
803 1478 855 1571 cst
872 1502 915 1570 ad
932 1513 968 1570 te
979 1501 1171 1585 scribendi,

57 1618 68 1634 ‘
173 1606 241 1680 hoc
259 1607 402 1700 quidem
418 1617 585 1695 tempore,
608 1605 669 1672 sed
687 1626 725 1672 ea
743 1626 798 1670 res
813 1604 901 1672 adeo
916 1626 991 1671 uon
1005 1603 1093 1674 lenit
1107 1605 1171 1671 de-

174 1710 346 1781 siderium
366 1706 439 1790 tui,
473 1721 515 1776 ut
538 1707 706 1775 accendat
730 1704 851 1793 magis.
902 1699 997 1773 Ante
1019 1706 1169 1774 biduum

176 1811 299 1902 scripsi
316 1796 376 1904 ⁵¹⁸),
419 1831 477 1876 me
500 1804 566 1881 bac
591 1807 786 1897 septimana
802 1808 855 1882 ad
878 1819 912 1874 te
940 1830 1170 1876 excursorum

174 1939 258 1984 csse.
315 1909 405 1979 Heri
428 1910 553 1979 allatae
576 1922 660 1978 sunt
679 1903 770 1976 mibi
794 1932 834 1976 ex
859 1900 997 1976 Gallia
1023 1908 1170 1992 litterae,

174 2018 213 2085 in
229 2012 285 2085 bis
301 2025 433 2082 suntet
449 2012 493 2080 ab
510 2012 587 2102 ipso
603 2033 683 2099 rege
698 2011 743 2091 ad
757 2032 813 2089 me
829 2000 903 2103 ⁴⁸).
942 2008 1062 2099 Quare
1078 2034 1170 2080 nova

175 2143 271 2188 nuuc
293 2115 460 2185 obiicitur
492 2109 583 2182 mibi
606 2110 831 2194 deliberatio,
878 2112 909 2180 si
927 2108 986 2182 bic
1013 2135 1168 2181 secessus

175 2244 251 2290 non
265 2218 467 2301 incidisset,
501 2215 577 2284 sine
589 2215 665 2283 ulla
681 2211 903 2283 dubitatione
921 2214 1010 2283 irem
1025 2215 1064 2282 iu
1082 2211 1172 2282 Gal-

175 2324 271 2391 liam.
321 2318 426 2389 Nunc
447 2340 505 2386 me
522 2318 694 2411 quaedam
718 2314 825 2385 officii
847 2316 938 2386 ratio
958 2312 1020 2386 bic
1038 2315 1171 2405 alligat,

175 2447 259 2494 nom
277 2423 492 2514 professores
505 2414 563 2489 bic
578 2419 722 2510 pauculi
736 2438 858 2487 sumus
877 2413 940 2490 καὶ
954 2417 1045 2490 ἄνευ
1060 2410 1171 2498 ἀξιώ-

175 2550 312 2620 ματος,
343 2525 403 2593 sed
424 2522 512 2615 quid
532 2521 690 2592 facturus
712 2519 795 2605 sim,
821 2520 918 2596 scies.
969 2519 1067 2590 Beue
1082 2520 1172 2592 vale.

175 2626 271 2700 Non.
290 2623 454 2716 Augusti.
480 2620 633 2720 (lenae.)
888 2678 892 2683 .
923 2716 1070 2793 mm
1133 2737 1136 2744 Ι

453 2763 454 2766 ,
491 2782 493 2786 ¹
1070 2747 1121 2804 ος.

178 3049 244 3123 Νο.
265 3049 376 3120 1296.

183 3146 356 3178 Μ

1037 3059 1071 3122 6.
1087 3049 1172 3134 Aug.

589 3215 763 3307 Eidem·
848 3184 865 3193 ’γ

247 3377 333 3449 Epist.
353 3376 387 3430 ad
404 3375 544 3431 Camerar.
570 3395 598 3446 p.
611 3373 663 3431 245
673 3394 715 3447 sq.

147 3612 152 3618 .
184 3516 279 3590 Viro
306 3518 443 3616 optimo
467 3513 715 3589 loachimo
747 3510 1024 3589 Camerario
1052 3513 1175 3589 Bum-

387 3619 556 3716 borgeosi
579 3619 785 3690 amicosne
809 3642 969 3706 summo,
1152 3628 1154 3632 '

154 3834 158 3839 ,
179 3743 224 3836 S.
240 3757 285 3829 D.
336 3756 496 3828 Nuncius
511 3772 626 3827 vester
640 3757 795 3849 primum
813 3752 904 3826 mihi
918 3768 1014 3825 sexto
1029 3749 1176 3825 dieAu-

181 3863 274 3955 gusti
295 3875 373 3932 tuas
395 3859 531 3929 litteras
547 3854 661 3927 Ionae
677 3859 848 3944 reddidit,
880 3879 968 3953 qrras
981 3869 1021 3927 tu
1040 3855 1085 3928 X.
1098 3854 1173 3928 Cal.

181 3963 368 4036 Sextilium
387 3961 584 4052 scripseras.
634 3958 677 4029 In
696 3955 753 4029 bis
770 3956 838 4031 boc
859 3962 943 4043 fuit,
970 3959 1066 4051 quod
1083 3953 1175 4027 mibi

181 4067 367 4159 praecipue
383 4086 546 4153 magnam
556 4062 771 4154 voluptatem
789 4063 916 4147 attulit,
942 4060 1039 4153 quod
1054 4058 1174 4129 videre

180 4191 280 4260 spem
302 4167 480 4259 quandam
511 4161 641 4234 babere
666 4166 784 4234 fratris
815 4164 955 4254 penitus
985 4161 1174 4246 liberandi,
1258 4226 1266 4243 ,

182 4293 289 4364 quam
301 4266 400 4338 Deus
413 4280 454 4337 ut
477 4268 634 4338 fo'rtunet
647 4280 681 4336 et
696 4267 856 4349 adiuvet,
882 4290 924 4335 ex
940 4264 1060 4335 animo
1078 4277 1174 4355 opto.

181 4368 436 4461 Migrationem
452 4369 492 4437 iu
516 4371 666 4460 patriam
684 4391 818 4454 meam,
850 4367 917 4437 tibi
939 4365 1114 4458 gratulor,
1140 4378 1176 4434 et

182 4470 262 4543 cum
278 4471 346 4541 tibi
365 4485 442 4541 tum
455 4468 561 4562 Reip.
580 4486 663 4563 opto
685 4494 725 4539 ac
748 4494 849 4562 spero
864 4471 1015 4541 faustam
1036 4491 1076 4536 ac
1094 4467 1176 4535 feli-

183 4598 258 4644 cem
271 4574 358 4645 iore.
409 4571 544 4664 Scripsi
557 4598 672 4664 nuper
688 4565 880 4667 Grynaoo,
911 4596 950 4642 ac
969 4568 1175 4660 significavi,

183 4701 289 4771 quam
305 4677 349 4745 de
367 4698 407 4744 eo
423 4687 456 4743 et
471 4664 670 4745 honorifice
681 4688 715 4746 et
728 4687 886 4744 amanter
894 4674 940 4742 ad
951 4695 1009 4741 me
1025 4669 1171 4762 scripse-

181 4779 244 4852 ris.
304 4775 396 4866 Quis
414 4789 525 4847 status
548 4778 594 4847 sit
612 4801 731 4848 rerum
754 4777 870 4859 vides,
909 4774 961 4843 mi
985 4767 1175 4857 loachime,

182 4894 302 4951 tamen
325 4880 435 4949 multa
456 4873 549 4948 mibi
570 4878 737 4969 cogitanti
763 4876 932 4970 expedire
949 4872 1056 4966 Reip.
1074 4875 1176 4943 vide-

103 5065 110 5076 ,
158 5027 161 5032 ·
182 4995 259 5062 tur,
284 4996 325 5052 ut
340 5006 409 5066 nos,
418 4994 544 5052 mutuo
561 4982 835 5073 complectamur
851 4993 884 5048 et
898 5001 1064 5050 amemus.
1102 4974 1175 5045 Nec

182 5107 342 5176 unquam
372 5083 442 5153 aiio
466 5084 540 5154 ulla
569 5106 647 5153 mea
669 5083 817 5152 consilia
843 5090 1068 5175 spectarunt,
1103 5076 1175 5147 uisi

217 5305 248 5367 Q
267 5302 340 5356 llaec
356 5300 468 5373 epistola
482 5303 571 5374 periit.

178 5446 182 5451 ,
217 5390 266 5457 *1
285 5387 354 5441 vite
369 5389 446 5458 epist.
460 5390 489 5445 d.
502 5389 545 5446 18.
557 5400 584 5445 et
596 5390 639 5447 tt.
655 5391 714 5447 lou.
728 5400 754 5446 et
764 5389 790 5445 d.
807 5390 849 5445 ts.
861 5389 913 5444 lul.
925 5391 1048 5462 scriptae.

1033 793 1067 857 6.
1083 786 1169 870 Aug.
1183 838 1184 845 ,

1220 691 1279 758 sed
1295 685 1529 759 baeccoram:
1556 689 1663 757 audio
1681 689 1778 756 euim
1792 711 1834 756 ex
1848 689 1985 759 nuncio
2004 701 2044 759 te
2063 691 2216 763 nondum

1220 791 1321 861 abire
1335 785 1402 861 bac
1417 790 1622 882 septimana.
1675 786 1755 860 Hoc
1771 789 1890 872 triduo
1911 785 2038 861 adhuc
2053 814 2119 865 me.
2138 793 2218 865 dett

1220 905 1308 962 nent
1323 888 1397 961 loci
1409 892 1505 978 mei,
1540 915 1693 985 quorum
1709 892 1819 962 editio
1839 907 1922 963 aute
1946 890 2218 967 lbancot'ordia-

1220 1019 1285 1064 nas
1309 995 1488 1064 nundinas
1503 995 1706 1085 apparando
1724 1008 1795 1079 est,
1828 997 1892 1067 sed
1904 992 1985 1065 Deo
2000 995 2150 1067 volente
2167 1022 2219 1071 cro

1221 1111 1337 1167 tecum
1350 1096 1446 1168 intra
1463 1119 1594 1189 paucos
1605 1096 1700 1166 diest
1746 1094 1867 1185 Quare
1880 1120 1957 1167 nou
1975 1091 2220 1173 vehementior

1222 1198 1465 1269 contenderim
1489 1221 1668 1291 unquam,
1713 1211 1753 1267 ut
1781 1200 1826 1268 ad
1857 1221 1924 1269 uos
1956 1201 2219 1290 commigraret:

1221 1301 1307 1370 nolo
1322 1323 1497 1391 exponere
1514 1313 1546 1369 et
1563 1323 1619 1369 res
1636 1299 1815 1393 loquitur,
1845 1301 1991 1395 quantis
2006 1301 2051 1371 iu
2064 1303 2219 1385 miseriis,

1220 1402 1410 1494 periculis,
1433 1402 1525 1471 odiis
1539 1401 1670 1493 passim
1685 1425 1810 1472 eorum
1825 1404 1952 1493 etiamr,
1979 1427 2145 1496 quorum
2156 1408 2220 1477 uti-

1222 1505 1317 1573 nime
1339 1503 1543 1594 oportebat,
1569 1503 1746 1574 vivamus:
1782 1503 1841 1573 sed
1866 1499 1955 1573 haec
1976 1528 2116 1579 coram.
2163 1506 2219 1581 bie

1221 1629 1363 1699 quoque
1378 1604 1476 1675 Deus
1491 1605 1684 1698 aliquando
1700 1630 1741 1675 ex
1760 1599 1817 1673 his
1831 1607 1937 1675 malis
1952 1606 2099 1697 eripiet.
2135 1602 2218 1685 Ioa-

1222 1699 1559 1776 oiimosMarchio
1572 1702 1845 1776 seniorElector
1855 1719 2026 1779 mortuus
2042 1723 2112 1779 est:
2135 1711 2217 1783 filius

1221 1811 1261 1878 iu
1277 1807 1463 1878 Polouiam
1478 1810 1523 1878 ad
1539 1808 1681 1900 nuptias
1697 1809 1942 1900 proficiscitur.
1983 1807 2102 1890 Hunc
2112 1812 2216 1907 sequi-

1221 1924 1280 1981 tur
1293 1903 1339 1980 F
1333 1907 1540 1995 raucisona,
1565 1933 1641 1979 uon
1654 1909 1754 1980 velut
1768 1933 1862 1993 uuus
1876 1912 1928 1995 ,de
1942 1911 2075 2003 plebe,
2089 1915 2160 1989 ,sed
2173 1908 2216 1995 dr

1220 2004 1456 2107 εὐπάρυφος,
1491 2011 1652 2105 sequitur
1677 2025 1712 2081 et
1730 2006 1910 2087 Sabinus.
1962 2010 2070 2099 Bene
2091 2031 2126 2089 et
2146 2015 2214 2087 idi·

1221 2113 1308 2187 citer
1322 2114 1414 2184 vale.
1465 2111 1565 2188 Prid.
1583 2105 1622 2209 *)
1639 2111 1735 2186 Non.
1754 2112 1922 2204 Augusti.

1889 2286 1897 2299 ,
1970 2210 2173 2300 (bibemos.

1221 2533 1289 2607 No.
1306 2534 1424 2613 1297.
1472 2504 1479 2513 ⁵

1228 2630 1401 2662 Μ

2050 2541 2198 2628 eulog.

2044 2634 2206 2667 m

1462 2689 1584 2775 Hier.
1609 2686 1977 2802 Boomgartoero.

1248 2882 1250 2886 ¹
1289 2860 1376 2934 Epist.
1388 2864 1438 2922 lib.
1450 2864 1501 2923 Vi.
1517 2868 1651 2941 p.88sq.
1669 2899 1708 2916 -
1740 2866 2209 2943 llicexsutogrspboldel'iueod.

1292 2962 1295 2967 ·
1325 2932 1445 2993 Monac.
1453 2937 1475 2993 1.
1491 2956 1519 3009 p.
1534 2938 1578 2993 62
1754 2975 1768 2987 ..
2115 2982 2120 2991 .

1223 3064 1448 3146 Clarissimo
1479 3087 1512 3167 et
1543 3079 1679 3181 optimo
1707 3078 1807 3162 niro,
1850 3075 1905 3151 D.
1933 3076 2210 3176 Hieronymo

1050 3186 1054 3194 '
1165 3268 1168 3281 Ι
1275 3173 1636 3276 Bo'mgartnero,
1668 3176 2084 3279 SenatoriNort'bgrg„
2107 3204 2181 3255 suu·

1549 3291 1551 3296 '
1631 3293 1802 3383 patrono.

1223 3388 1267 3493 S.
1283 3409 1328 3482 ll.
1363 3411 1439 3487 lam
1451 3441 1548 3487 eram
1563 3418 1602 3487 iu
1616 3418 1818 3510 procinctu,
1842 3440 1926 3489 cum
1940 3413 2004 3490 hic
2019 3419 2214 3489 adolescens

1224 3507 1472 3587 Sebastianus
1493 3512 1714 3619 Schufelius
1740 3520 1859 3601 literas
1890 3544 1912 3589 a
1943 3544 2005 3597 me
2037 3520 2214 3611 flagitant

1223 3614 1315 3686 Nam
1330 3612 1536 3690 deGallioo
1545 3622 1674 3693 itinere
1688 3644 1796 3711 cogor
1804 3622 1936 3692 referre
1945 3624 1995 3692 ad
2006 3620 2215 3715 Principem.

1224 3716 1374 3810 Scripsit
1389 3723 1485 3791 enim
1507 3725 1551 3792 ad
1570 3748 1626 3792 me
1641 3721 1720 3794 Rex
1736 3720 1893 3807 Galliae,
1927 3738 1964 3795 ct
1977 3724 2128 3794 additae
2144 3734 2214 3795 ιω

1224 3819 1345 3890 literae
1358 3817 1528 3915 Episcopi
1545 3824 1774 3909 Parisiensis,
1800 3837 1834 3895 et
1857 3808 2035 3910 otiolum,
2061 3821 2213 3920 quamsi
2253 3916 2255 3921 Ι

1224 3916 1315 3990 mibi
1331 3939 1564 4022 commeatum
1581 3925 1720 3997 dederit
1734 3924 1924 4018 Princeps,
1954 3926 2117 4002 videbis.

1324 4022 1481 4115 Rogavit
1493 4041 1610 4107 autem
1624 4023 1685 4098 hic
1696 4027 1911 4114 adolescens,
1934 4040 1978 4099 ut
1989 4052 2028 4099 se
2041 4028 2116 4109 tibi
2128 4048 2212 4101 cou-

1223 4126 1405 4196 meudem:
1432 4123 1525 4198 nihil
1549 4131 1657 4220 petit,
1688 4130 1760 4214 nisi
1778 4143 1819 4201 ut
1836 4130 1906 4201 iter
1927 4124 1999 4199 boc
2019 4153 2132 4203 suum
2152 4128 2211 4199 exi·

1224 4240 1343 4297 sumes
1361 4252 1436 4299 nou
1459 4232 1651 4323 cupiditate
1671 4232 1814 4325 aliqua,
1847 4231 1910 4301 sed
1921 4232 2212 4304 necessitatem»

1224 4342 1376 4419 ceptum.
1431 4330 1524 4403 Saue
1538 4333 1672 4425 placuit
1695 4328 1806 4419 mihi,
1832 4333 1930 4427 quod
1954 4333 2136 4415 iudicavit
2155 4329 2212 4415 sibl

1224 4432 1476 4520 praestandum
1491 4457 1581 4520 esse,
1610 4459 1657 4505 ne
1672 4435 1804 4505 iudicia
1819 4435 2003 4505 bonorum
2015 4435 2212 4507 offenderet

1224 4527 1444 4604 Commendo
1467 4535 1576 4626 igitur
1601 4561 1683 4606 euru
1706 4536 1793 4622 tibi,
1834 4551 1939 4630 teque
1962 4559 2056 4627 rogo
2079 4551 2123 4609 ut
2144 4557 2212 4608 eun

1225 4633 1684 4733 parentibuscommendes.
1720 4635 1875 4709 Videtur
1887 4632 1980 4707 mibi
1993 4638 2213 4731 probamin-

1225 4735 1367 4822 genium
1385 4761 1477 4823 csse,
1504 4752 1538 4809 et
1552 4741 1636 4810 s‘atis
1650 4739 1810 4833 profecit.
1860 4736 1916 4810 De
1935 4739 2021 4810 aliis
2040 4742 2151 4813 rebus
2162 4761 2212 4809 ou-

1224 4859 1318 4920 ram,
1350 4852 1393 4908 ut
1416 4862 1536 4930 spero,
1567 4842 1681 4914 brevi.
1739 4838 1838 4911 Bene
1866 4854 1902 4911 et
1924 4840 2108 4914 foeliciter
2131 4840 2215 4923 volti

1224 4937 1396 5029 postridie
1419 4940 1495 5010 divi
1514 4935 1574 5038 *')
1595 4943 1801 5024 Laurentii,
1830 4941 1941 5018 15³6.
2111 5036 2118 5043 ,

1893 5041 1922 5125 i
1942 5038 2172 5140 Philippus*

1233 5243 1237 5252 .
1257 5233 1363 5357 „diupo
1373 5231 1512 5372 ppp‘tridie
1524 5230 1599 5294 Nou.
1612 5233 1686 5307 Aug.
1716 5234 1816 5303 Scribit
1828 5235 1922 5329 enim,
1945 5254 1977 5292 se
1990 5237 2080 5312 'epist
2093 5236 2212 5312 aeeqius

1258 5387 1307 5457 **)
1325 5389 1395 5456 otoo]
1409 5385 1469 5442 tib.
1477 5385 1526 5440 Vl.
1534 5405 1545 5459 ².
1559 5389 1623 5443 dt'et‘.
