4522 5760
113 234 253 315 m
429 258 433 263 -
739 223 1178 317 nersroaanou
1234 222 1463 305 aravit.
1517 224 1651 309 ross.
1726 178 1729 183 ⁴
2147 234 2205 312 ts

177 432 314 485 summa
334 421 402 493 est,
435 419 486 492 et,
517 403 585 475 Dei
606 384 798 485 berchelei,
835 424 989 473 crescere
1009 401 1170 496 quotidie
1220 392 1288 487 est,
1314 400 1432 492 ipsum
1450 399 1635 473 Caesarem
1649 403 1790 475 audisse
1806 419 1951 479 nostros
1965 404 2133 498 Legatos.
2161 407 2207 484 ‘ld

176 515 351 584 videtur·
380 506 488 579 lnitio
513 507 630 591 enim,
666 506 751 599 quia
773 518 874 575 vetus
895 505 957 576 ille
980 504 1103 596 opinio
1125 506 1170 573 de
1219 500 1359 593 signum
1372 526 1446 573 esse
1461 506 1727 576 benevolentiae
1740 530 1821 598 erga
1834 526 2005 582 nostrum
2020 511 2208 604 Principem

176 610 464 686 scholasticorum
486 609 665 679 ferocitate
690 603 856 677 haerebat
877 605 1082 687 inanimis,
1114 606 1171 674 vi·
1218 606 1442 696 interpretor.
1492 604 1548 675 De
1567 630 1703 678 summa
1729 611 1835 681 etiam
1857 612 1998 704 negotii
2023 615 2209 687 tolerabit’n

176 717 352 786 debentur
366 707 535 781 nonnihil
557 705 749 780 abhorrere
766 734 786 778 a
803 708 925 794 nobis,
957 731 1057 798 aegre
1073 710 1169 778 adse
1218 730 1385 799 responsa
1410 708 1580 783 dicuntur
1599 711 1748 796 adferri3
1792 715 1949 809 deniqne
1981 715 2079 788 laeta
2105 718 2210 788 omn’u

163 817 404 909 recipiebant.
454 811 558 884 Nunc
572 812 781 882 incredibile
795 825 865 897 est,
896 823 1070 904 qnantum
1087 832 1169 878 suos
1218 810 1337 881 addio.
1385 806 1546 895 Rediens
1566 835 1587 880 a
1609 813 1781 904 prandio,
1813 840 2030 911 quanquam
2051 813 2211 889 nihilau·

175 920 323 1014 quisque
346 912 501 1017 hospites
527 914 719 1006 praedicet,
758 937 864 1006 quam
889 926 1047 981 amanter
1072 935 1169 980 com·
1217 910 1293 979 divi
1317 923 1456 1002 practer
1475 912 1637 1001 vulgares
1656 915 1811 1004 fabulas,
1842 931 1964 989 tamen
1981 917 2077 991 haec
2092 921 2222 994 adscrb.

174 1021 394 1113 plectantur,
433 1041 514 1086 cum
535 1016 659 1084 vident
679 1028 813 1085 tantam
834 1037 907 1082 esse
929 1010 1170 1105 tranquillita-
1217 1011 1284 1104 psi.
1334 1011 1464 1082 Narrat
1479 1007 1679 1084 Matthias
1700 1030 1834 1088 tantona
1857 1044 1932 1090 esse
1946 1024 2114 1114 inopiam
2129 1023 2211 1095 auli-

175 1134 265 1206 tem,
295 1120 512 1201 comitatem,
538 1116 807 1200 verecundiam,
839 1115 992 1208 deniqne
1015 1114 1053 1181 in
1070 1113 1169 1182 omni
1218 1137 1294 1184 cam
1310 1114 1350 1181 in
1363 1111 1557 1206 Hispania,
1589 1129 1630 1185 ut
1653 1119 1800 1210 qnidam.
1820 1125 1987 1212 corregiis
2010 1124 2213 1197 satellitibus

174 1223 284 1293 officii
301 1243 426 1311 genere
447 1217 668 1308 diligentiam
686 1215 882 1286 inventutis
902 1217 1034 1308 optime
1050 1239 1169 1284 mora·
1218 1216 1327 1284 coacti
1354 1217 1424 1285 sint
1455 1219 1500 1285 dc
1524 1217 1661 1306 magnis
1685 1216 1770 1288 illis
1786 1222 1888 1312 pileis
1917 1228 2057 1303 sarcire
2085 1224 2213 1316 caligat.

57 1355 60 1361 ·
176 1335 242 1394 tae.
304 1318 420 1405 llaec,
456 1334 497 1389 nt
524 1319 695 1389 diuturna
725 1317 815 1404 sint,
857 1318 962 1387 saciat
994 1312 1168 1389 Christus.
1218 1315 1407 1387 Gallorum
1426 1315 1505 1390 Rex
1520 1319 1786 1390 dicitnr-tenere
1806 1321 2003 1413 Genuam,
2022 1354 2065 1399 ac
2079 1348 2214 1421 prorsus

154 1425 294 1513 *Tanta
312 1422 454 1493 virtutis
469 1421 522 1490 vis
539 1435 609 1506 est,
639 1436 681 1492 nt
702 1434 853 1510 agrestes
876 1420 984 1490 etiam
1005 1412 1169 1487 homines
1217 1419 1285 1486 sibi
1311 1419 1516 1510 promittere
1547 1418 1668 1490 ltaliae
1695 1422 1897 1516 imperium.
1973 1427 2021 1498 ln
2050 1428 2212 1522 Hispania

176 1525 251 1596 eius
268 1518 497 1617 pulchritudo
512 1533 662 1594 moveat.
716 1522 816 1592 Talis
835 1520 1032 1591 setestatus
1047 1532 1170 1589 estre·
1219 1517 1390 1590 Germani
1408 1523 1545 1593 suntin
1562 1522 1810 1594 maximoodio
1827 1545 1977 1620 propter
1993 1547 2136 1623 captam
2145 1529 2211 1604 llo-

173 1651 256 1698 rum
269 1638 481 1697 nostrarum.
594 1712 597 1717 ¹
677 1628 681 1635 '
1218 1634 1322 1694 mam.
1377 1621 1469 1691 Nam
1489 1622 1678 1693 Pontifices
1705 1627 1781 1696 elus
1800 1632 1916 1718 gentis
1935 1636 2114 1704 omnibus
2134 1633 2209 1703 viri·

184 1734 201 1769 ·’
275 1726 380 1798 Nunc
395 1726 483 1819 qnid
504 1720 787 1794 tibifaciendum
801 1721 864 1806 sit,
896 1722 1000 1792 facile
1017 1734 1169 1793 statuere
1217 1725 1284 1793 hus
1305 1723 1454 1816 cupiunt
1475 1722 1675 1795 Romanam
1693 1726 1907 1823 τυραννίδα
1927 1735 2138 1808 defendere.
2154 1731 2209 1807 τὸν

174 1830 316 1923 poteris.
382 1823 461 1917 Ego
491 1822 584 1903 nihil
609 1823 809 1918 praescribo
831 1823 898 1893 tibi
918 1819 1059 1893 homini
1082 1848 1170 1914 prn-
1216 1820 1405 1921 ἡμετέρων
1429 1819 1614 1924 θεολόγον
1638 1819 1674 1921 ⁴⁵)
1700 1852 1746 1898 ne
1777 1834 1922 1924 quidem
1950 1839 2147 1908 nominare
2166 1838 2207 1906 la

177 1933 287 2003 denti.
347 1929 452 2001 Soleo
476 1929 573 1997 enim
597 1927 795 1996 verecunde
822 1925 943 1995 amicis
965 1926 1029 1997 nti.
1089 1924 1169 1996 Tua
1218 1940 1280 1999 est.
1337 1925 1381 1996 ln
1402 1918 1564 1996 Caesare
1583 1923 1676 1998 nihil
1699 1934 1859 2015 crudele,
1893 1931 1992 2007 nihil
2016 1940 2207 2010 alienumt

174 2032 370 2133 praesentia
387 2033 515 2102 laceret
529 2032 574 2099 ad
593 2028 831 2098 celebritatem
847 2022 1019 2112 Scholac,
1043 2050 1169 2096 verum
1217 2043 1344 2098 natura
1360 2025 1638 2098 Austriacorum
1651 2054 1726 2102 esse
1740 2031 1864 2105 fertur.
1901 2034 1957 2107 Ea
1974 2063 2049 2111 una
2065 2054 2207 2133 spereat,

167 2136 213 2217 ,td
228 2150 302 2204 hon
316 2133 458 2204 videtur
469 2133 580 2215 tanti,
604 2143 645 2200 nt
657 2142 842 2222 propterca
856 2151 937 2199 cum
954 2143 1017 2199 tuo
1031 2128 1169 2198 incoln-
1217 2143 1258 2201 nt
1278 2126 1560 2214 interhumana,
1585 2131 1693 2223 pacis.
1746 2133 1817 2205 Sed
1838 2140 1943 2209 nobis
1964 2143 2082 2233 magis
2095 2156 2208 2234 optan-

174 2239 281 2307 modo
299 2258 395 2305 nnnc
411 2237 554 2303 demum
569 2228 639 2302 huc
658 2231 832 2323 proficisci
848 2232 986 2304 debeas.
1031 2228 1169 2318 Quanti
1216 2233 1386 2313 domest,
1411 2244 1453 2302 ut
1468 2228 1632 2302 Christus
1647 2235 1887 2329 nobispacem
1903 2242 2035 2329 donet,
2068 2258 2105 2316 et
2121 2246 2207 2335 inge·

175 2335 591 2430 sumptusfaciendtnon
607 2332 714 2402 modo
738 2333 776 2401 in
792 2332 936 2402 itinere:
970 2334 1068 2427 quod
1085 2354 1168 2400 sane
1217 2330 1484 2404 niumCaesaris
1500 2335 1616 2406 flectat
1632 2338 1674 2404 ad
1692 2338 1854 2410 utilitatis
1865 2342 2032 2433 publicae
2050 2346 2207 2420 studium.

172 2440 320 2530 longum
335 2438 441 2508 audio
457 2437 639 2521 esse‚'sed
652 2437 758 2505 etiam
773 2435 852 2505 istic
864 2434 1059 2505 discedenti
1075 2429 1104 2530 ⁸)
1126 2457 1168 2502 ex
1217 2433 1436 2527 Interrogavi
1457 2436 1573 2527 ipsum
1595 2431 1810 2508 Maeotiam
1830 2444 1875 2511 de
1895 2463 2073 2536 responso
2093 2445 2209 2521 Caesa-

172 2558 272 2612 more
293 2541 338 2610 ab
360 2540 482 2610 amicis
495 2550 530 2608 et
550 2533 610 2607 hic
633 2556 764 2607 novam
790 2539 938 2606 domum
959 2536 1167 2606 instruenti:
1216 2537 1282 2623 ris;
1309 2539 1377 2622 ait,
1401 2561 1440 2607 ea
1458 2539 1680 2625 concessisse,
1704 2564 1795 2635 quae
1810 2548 1990 2635 postulata
2004 2565 2111 2636 sunt,
2130 2551 2207 2621 scire
2251 2614 2253 2621 .

88 2654 92 2662 '
173 2655 206 2713 et
220 2660 317 2712 nnnc
334 2636 455 2735 hyems
470 2640 574 2711 etiam
589 2640 745 2708 retardat
757 2637 897 2708 itinera.
948 2636 1054 2726 Quod
1067 2638 1098 2706 si
1111 2637 1167 2705 vi·
1216 2653 1273 2724 te,
1296 2640 1415 2734 qualia
1434 2639 1524 2724 sint,
1550 2641 1690 2732 opinor.
1766 2682 1770 2688 -
2251 2638 2253 2643 ’

172 2737 293 2814 darem
321 2743 478 2834 aliquam
508 2742 740 2810 necessariam
763 2758 903 2809 causam
927 2752 1008 2808 tuae
1033 2739 1078 2807 ad
1101 2762 1167 2809 nos
1317 2737 1471 2834 Ulricus
1487 2742 1667 2812 decumbit
1678 2738 1858 2839 ¹³)efebri
1872 2746 2036 2825 Parisiis.
2088 2747 2208 2821 Ibiae·
2251 2732 2253 2781 ἦ

161 2843 421 2939 profectionis,
448 2843 637 2911 scriberem
652 2865 728 2910 eam
748 2838 834 2925 tibi,
859 2852 964 2933 teque
979 2841 1085 2931 plane
1099 2864 1165 2932 pro
1216 2856 1357 2932 grutam
1372 2845 1416 2913 ab
1432 2839 1499 2912 hoc
1513 2836 1656 2914 relictus
1671 2857 1741 2931 cst,
1772 2864 1987 2942 properante
2010 2855 2060 2923 ad
2079 2848 2208 2925 Princi-

45 3016 49 3026 ,
171 2958 293 3016 nostra
309 2945 463 3014 amicitia
479 2944 637 3011 iuberem
651 2936 724 3012 huc
738 2943 855 3012 statim
870 2962 1063 3016 accurrere.
1095 2942 1167 3013 Sed
1215 2966 1308 3036 pem.
1358 2941 1455 3028 †A‹1
1471 2945 1623 3014 scribam
1637 2941 1773 3016 iterum
1784 2951 1866 3021 dedi
1883 2953 2016 3024 literas.
2070 2948 2207 3025 Erscul·

159 3059 254 3119 ‘cum
269 3047 406 3116 nullam
422 3045 562 3146 videam
579 3031 608 3138 ὓ)
632 3066 786 3114 caussam
804 3044 1037 3115 necessariam
1056 3045 1168 3114 susci·
1216 3047 1269 3137 psi
1294 3047 1431 3141 aliquid
1450 3039 1553 3140 μάλα
1575 3042 1798 3141 danaorum?
1852 3052 1973 3125 Multa
1996 3051 2119 3126 habeo
2140 3057 2208 3141 slis,

170 3150 295 3245 piendi
312 3147 470 3233 itineris,
495 3144 660 3238 permitto
677 3147 762 3231 tihi,
787 3160 846 3232 ut,
871 3149 967 3240 qnod
984 3146 1049 3218 tibi
1065 3146 1168 3215 vide·
1215 3170 1304 3240 quae
1327 3170 1445 3219 coram
1465 3149 1646 3218 effundam
1665 3152 1705 3219 in
1725 3165 1824 3220 tumn
1839 3157 1982 3242 sinum,
2017 3157 2051 3226 si
2075 3160 2208 3250 quando

171 3251 290 3335 bitur,
314 3251 431 3319 facias.
483 3240 557 3318 Kal
570 3253 700 3321 ταῦτα·
710 3240 759 3342 δὴ
775 3243 846 3340 μὲν
858 3253 991 3320 ταῦτα.
1044 3246 1084 3319 Si
1102 3247 1165 3318 de-
1214 3248 1311 3319 Deus
1325 3274 1392 3320 nos
1407 3251 1536 3320 iterum
1551 3252 1788 3325 coniunxerit:
1821 3259 2070 3330 miseresceret
2082 3260 2210 3346 temti,

171 3351 322 3423 creveris
338 3346 408 3419 huc
421 3350 606 3442 proficisci,
627 3375 712 3435 nos,
730 3372 821 3444 quae
834 3350 942 3436 voles,
964 3366 1030 3442 pro
1046 3363 1167 3419 nostra
1215 3352 1245 3420 si
1259 3354 1383 3437 scires,
1408 3374 1499 3445 qnae
1512 3349 1554 3448 ¹⁴)
1571 3376 1760 3424 aerumnae
1772 3355 1863 3428 mihi
1878 3361 2119 3452 perferendae
2130 3362 2207 3448 sint;

42 3498 49 3507 ›
170 3454 241 3523 lide
258 3453 445 3542 diligenter
457 3452 523 3522 tibi
538 3453 759 3538 curabimus,
787 3453 848 3520 sed
864 3465 906 3522 ut
925 3452 1034 3522 estin
1055 3448 1167 3522 luris-
1215 3450 1289 3544 ἀλλ’
1308 3450 1452 3527 οἰστέον
1470 3448 1748 3531 solidatorem.

175 3555 419 3625 contullOrum
434 3553 615 3636 Ῐῠῐϊηΰῐὶθ,
640 3552 947 3647 q¹1³0P⁰lefim1¹⁸·
1314 3568 1442 3644 Comes
1457 3596 1482 3640 a
1493 3565 1651 3643 Nasson
1663 3568 1918 3644 humanissime
1935 3577 2081 3671 excepit
2093 3604 2133 3652 ac
2146 3592 2208 3653 tra-

177 3678 180 3684 ·
271 3648 361 3725 Heri
383 3675 459 3722 sero
483 3655 675 3724 fldmOdum
693 3657 792 3725 vessit
810 3650 881 3724 huc
902 3655 1078 3747 qulsspiam
1092 3649 1167 3765 Ul·
1214 3672 1321 3745 cta'vit
1337 3672 1487 3763 Legatos
1507 3686 1659 3747 nostros.
1707 3672 1911 3761 Caesarem,
1944 3678 2053 3751 nulla
2071 3680 2208 3754 omnino

173 3748 243 3827 rirt'
257 3751 422 3827 I’lndori
434 3752 462 3851 ²)
481 3772 597 3824 comes
609 3757 749 3826 rediens
765 3751 795 3849 ⁸)
810 3753 1047 3848 exllispania.
1089 3757 1166 3828 No·
1214 3776 1306 3846 fama
1329 3789 1398 3862 est,
1427 3798 1553 3868 parare
1573 3773 1728 3846 reditum
1751 3780 1791 3846 in
1806 3774 2057 3857 Germaniam,
2109 3780 2206 3856 Min„

171 3861 237 3943 δὶὶ,
269 3873 311 3930 ¹11
330 3859 479 3950 Opim,
510 3851 705 3928 hminem·
753 3853 989 3953 Habitabat⁹)
1014 3859 1053 3926 3¹¹
1073 3856 1167 3947 3²¹⁸»
1214 3879 1282 3951 tibi
1297 3866 1453 3946 Eodoni
1466 3873 1617 3970 hymnos
1632 3872 1779 3971 aliquot.
1815 3877 1916 3955 Vale.
1968 3878 2043 3954 Die
2060 3882 2206 3957 Simonis

172 3961 406 4058 etfamiliaris
425 3972 478 4028 est
495 3958 688 4027 admodum
708 3968 773 4030 ttto
784 3959 903 4029 vicino
917 3956 961 4055 ιο)
985 3955 1167 4029 Marma·
1215 3995 1249 4051 ep
1266 3978 1385 4053 Iudae,
1425 3976 1514 4070 Ego,
1531 3977 1561 4048 si
1577 3978 1736 4072 quotidie
1753 3982 1903 4051 nuncios
1919 3984 1965 4051 ad
1983 3998 2022 4055 te
2039 3981 2203 4073 habam,

171 4084 232 4137 tw·
280 4061 423 4133 Nomen
438 4046 722 4140 θὸῗΜαῑῑῘῐῖαθ»
753 4061 1104 4152 ⁶⁰8¹¹⁰1¹¹⁰¹²ld¹¹⁰f⁰²
1136 4064 1167 4132 5³
1215 4072 1314 4158 nihil
1339 4076 1650 4170 herclegravarer
1679 4081 1839 4175 qnotidie
1861 4082 2030 4159 scribere.
2085 4088 2200 4161 ttenn

172 4165 362 4259 prandebit
392 4158 501 4233 hodie
534 4164 629 4253 apud
655 4158 941 4256 Hitfflnymum,
987 4165 1167 4236 V⁰l⁰im¹¹⁵
1216 4185 1304 4259 vale.
1351 4180 1515 4256 Christus
1530 4184 1704 4252 custodiat
1718 4195 1828 4253 totam
1842 4197 1941 4255 tuam
1955 4189 2141 4262 familiam.

137 4298 141 4308 ·
172 4265 268 4337 enim
284 4261 323 4362 ΙΙ)
344 4265 497 4335 retinere
517 4278 614 4349 enm,
651 4279 692 4335 ut
715 4265 869 4357 aliquam
895 4258 1062 4335 historiae
1085 4290 1167 4338 suae
1644 4344 1647 4349 ,
1958 4280 2160 4387 Philippus,

172 4380 308 4461 partem
321 4367 426 4436 nobis
440 4378 631 4439 enarraret.
658 4362 856 4457 Aprandio
874 4386 953 4434 cum
965 4368 1105 4438 rediero
1116 4366 1168 4466 ι’),

174 4468 326 4540 scribam
346 4469 414 4539 tibi
439 4467 570 4558 capita,
602 4483 757 4561 quorum
782 4462 851 4537 hoc
877 4468 1114 4556 gratissimum
1130 4494 1169 4540 ac

54 4667 57 4671 Ι
172 4567 644 4656 ίοοοοάἰοοὶὼιιιοιίοίῑονε
658 4568 751 4659 scip,
783 4570 880 4663 qnod
896 4565 974 4639 heri
986 4584 1169 4644 narratum
1219 4616 1285 4690 No·
1304 4614 1413 4692 1347·
1485 4602 1496 4617 ν

2068 4642 2124 4705 30.
2140 4631 2194 4697 Oct

182 4710 410 4736 -ah-
1225 4710 1397 4744 Q
1547 4737 1550 4743 .
1784 4756 1792 4768 Ι
2065 4722 2186 4754 Μ

182 4768 188 4777 ’
208 4783 236 4859 s)
253 4764 336 4846 slus.
349 4786 529 4842 camaena.
1571 4774 1622 4857 F.
1641 4770 1854 4882 Myronis

116 4898 118 4903 ·
206 4874 237 4944 ί)
253 4872 336 4928 sset.
353 4875 491 4927 riderent.

206 4959 237 5029 7)
256 4960 344 5014 Rann.
359 4958 466 5030 scripsit
479 4957 598 5015 nutem.
847 4977 856 4991 ¹
1286 4953 1364 5008 Edita
1376 4973 1391 5008 a
1403 4954 1526 5029 Snegass.
1541 4973 1587 5025 ep.
1597 4953 1642 5009 42.

207 5045 236 5110 8)
254 5045 337 5099 Saub.
351 5047 458 5098 redux.

207 5129 236 5200 9)
252 5130 341 5184 Rern.
359 5132 480 5183 habeat.
951 5147 955 5155 ·

208 5218 251 5283 10)
270 5215 355 5269 Seub.
370 5213 456 5270 Vino
924 5202 927 5211 Ι
1252 5223 1281 5290 *)
1299 5222 1456 5278 bulherum.

208 5305 252 5365 ll)
270 5299 358 5353 Reno.
374 5317 431 5352 non
446 5297 619 5352 habetem’m.
1253 5310 1297 5378 13)
1313 5311 1396 5366 emb,
1408 5307 1537 5365 menam
1547 5307 1667 5362 maa,

110 5398 123 5403 “’
206 5382 511 5458 12182ub.mendoser
538 5384 669 5455 audhgo.
1252 5395 1577 5467 14)ss,„n,123329u01,

1221 5117 1448 5138 m
