4522 5760
103 202 181 279 m
194 256 197 261 .

115 370 288 497 Q

261 552 486 635 Ruselliuc
513 547 575 633 od
604 550 936 635 Masaucionem.

917 370 1089 493 Q

125 806 128 813 Ι
168 730 245 789 aaa.
259 732 288 786 aa
303 728 448 813 aaran.
461 728 523 785 aaa
536 710 639 785 cama
654 718 724 803 lag.
738 728 770 785 r.
783 728 833 786 ιιι.
849 706 875 801 ,32
893 732 935 785 ιε.
951 758 985 771 -
1016 712 1095 853 Ἢ

208 797 709 941 aurasicenses:
732 796 801 855 ⁰⁰⁶·
815 798 901 853 Μ·
916 798 976 853 ¹⁶⁸·
996 818 1023 872 ι·
1087 836 1094 851 ·

109 1022 380 1098 Eruditissimo
408 1019 522 1104 Viro,
561 1014 750 1119 ¹Vc'n'lutis
774 1018 1004 1119 eoa'ugelicne
1023 1047 1096 1122 po-

107 1138 233 1211 t'rouo,
274 1124 418 1223 egregio
451 1112 620 1230 Domino
648 1112 874 1225 Philippo
899 1104 1096 1195 Melon-

528 1217 681 1297 thoni
726 1308 756 1327 ,Ι
999 1318 1015 1329 „

108 1344 218 1435 Meas
239 1362 284 1431 ad
305 1375 339 1432 tc
362 1358 493 1435 nudius
509 1361 636 1445 tertius,
651 1362 736 1443 dedi
751 1364 889 1447 literas,
912 1363 1044 1458 quibus
1057 1376 1098 1435 ut

107 1480 288 1543 strenuam
301 1454 338 1553 ‘)
371 1484 435 1553 pro
467 1457 610 1545 Christo
637 1465 855 1559 veritateque
885 1463 1098 1555 evangeliea,

108 1566 206 1641 armni
236 1585 380 1657 prorsus
408 1556 567 1637 humano
596 1564 733 1651 abiecto
765 1568 911 1647 timore,
951 1588 1098 1637 navares

109 1692 272 1761 operam,
312 1676 347 1733 tc
368 1658 592 1737 uehementer
618 1662 777 1743 hortatus
805 1668 859 1749 fui
879 1662 917 1759 ¹).
976 1670 1033 1737 ad
1059 1668 1096 1736 id

110 1784 228 1843 curtem
248 1765 450 1847 iaciendum
471 1790 529 1833 mc
550 1769 665 1853 varii,
697 1768 767 1860 qui.
782 1770 827 1839 de
848 1784 882 1841 tc
905 1764 1004 1863 hic²)
1028 1768 1098 1838 cir-

110 1868 395 1939 cumferebantur
424 1890 604 1953 rumores,
644 1868 842 1962 impulere,
881 1892 971 1963 quos
997 1868 1100 1963 equi-

110 1975 192 2041 dam
207 1962 267 2064 '*)
291 1960 517 2053 vehementer
536 1971 690 2055 auxit-et
710 1971 895 2063 ampliavit
913 1971 1098 2041 cuiusdam

110 2072 278 2165 epistolae
295 2068 513 2158 exemplum,
546 2070 694 2145 Senatui
718 2066 777 2151 bic
794 2070 932 2143 Veneto
951 2073 997 2143 ab
1018 2094 1099 2141 ora-

110 2192 187 2247 tore
202 2171 297 2255 eius,
325 2168 388 2260 qui
412 2164 542 2241 isthinc
555 2167 583 2265 ³)
605 2174 700 2267 apud
718 2175 964 2265 imperatorem
978 2184 1099 2243 orato-

111 2277 160 2345 ris
177 2271 337 2363 fungitur
351 2294 518 2356 munere,
548 2275 716 2357 missum,
743 2298 856 2367 aquo
877 2274 983 2347 etiam
1002 2274 1099 2343 astir-
1208 2300 1222 2317 ·

109 2390 247 2471 rnatum
263 2371 332 2442 snit
345 2373 419 2469 ¹suis
433 2372 472 2439 in
483 2373 618 2459 literis,
637 2390 671 2446 te
685 2376 868 2468 epistolam
886 2376 995 2467 ipsam
1010 2372 1099 2445 Car·

110 2476 222 2547 dinali
238 2464 440 2571 Campcgio
457 2473 570 2575 legato
590 2478 770 2568 pontificio
794 2477 941 2551 misisse.
988 2472 1039 2545 Et
1054 2475 1099 2543 li-

111 2594 166 2651 cct
179 2575 347 2649 nonnulli
361 2578 450 2659 sint,
481 2576 544 2667 qui
557 2592 686 2667 nogent
701 2602 779 2675 eam
792 2578 854 2647 abs
871 2592 904 2648 tc
924 2599 1100 2667 composi-

112 2697 201 2761 tam,
232 2676 362 2770 quippe
386 2698 475 2769 quac
497 2676 676 2747 diversum
698 2671 827 2749 habeat
840 2677 970 2771 stylum
986 2679 1031 2745 ab
1047 2700 1100 2761 eo,

113 2792 236 2875 quotu
253 2776 379 2858 uteris,
412 2778 526 2846 maior
541 2791 658 2849 tamen
675 2772 862 2847 hominum
880 2801 961 2869 pars
974 2778 1101 2847 melio-

112 2904 187 2952 rem
201 2879 232 2975 ⁴)
245 2877 375 2960 vincit,
409 2880 626 2975 creduntque
647 2880 769 2965 multi,
799 2893 834 2949 te
858 2880 956 2949 illius
978 2892 1100 2949 aucto-

113 3006 187 3052 rem
204 3004 288 3049 esse.
338 2974 529 3050 Oratorem
550 2977 696 3073 ctiam⁵)
719 2972 892 3052 Veretum
915 3004 990 3049 non
1011 2982 1099 3050 adeo

115 3084 289 3153 insulsum
305 3081 541 3167 arbitrantur,
569 3097 629 3167 ut,
663 3106 752 3175 quac
769 3096 829 3153 tua
846 3107 919 3151 non
937 3082 1001 3165 sit,
1034 3106 1100 3173 pro

113 3204 173 3255 tua
196 3183 343 3255 miserit.
393 3180 471 3273 Ego
494 3184 621 3271 igitur,
651 3184 713 3277 qui
736 3206 866 3253 nomeu
887 3196 988 3253 tuum
1009 3206 1101 3252 sem·
1171 3238 1180 3254 .

691 191 1126 269 EPISTOLARUM
1175 191 1282 273 LlB.
1317 191 1364 269 V.
1415 196 1553 277 153⁰.

2058 190 2139 275 Μ

1147 367 1395 461 iniquitatibus
1419 370 1598 453 resistere,
1641 370 1872 465 ipsorumque
1898 358 2057 461 negotiis
2079 362 2140 441 rd-

1146 472 1335 561 spondere,
1378 484 1412 541 et
1431 470 1664 543 serenissimo
1688 470 1894 563 imperatori
1921 472 2139 579 caeterisque

1148 574 1386 661 praesentibus
1395 568 1607 643 Christianis
1621 574 1842 667 principibus
1859 588 1984 643 eorum
2001 572 2144 665 impte-¹

1055 692 1058 697 ·
1147 676 1190 741 ba
1212 674 1328 743 studia
1343 675 1514 764 detegere.
1572 670 1673 747 Nihil
1689 676 1784 743 enim
1800 675 1931 745 virtute
1943 676 2053 751 duce,
2075 674 2137 743 sed

1148 775 1331 844 fraudibus
1347 800 1387 845 ac
1403 776 1495 845 dolis
1511 776 1681 870 consequi
1694 778 1849 851 student.
1899 772 2009 863 Quod
2031 774 2064 846 si
2085 772 2137 845 le·

1148 876 1248 958 ceris,
1263 877 1404 945 virtutis
1414 891 1493 947 tuae
1501 878 1620 947 lumen
1635 878 1769 971 ubique
1783 876 1941 965 gentium
1955 876 2133 963 elucescet.

1147 974 1237 1045 Vale
1267 978 1306 1111 in
1340 974 1494 1051 Christo.
1555 978 1713 1049 l'enetiis
1743 977 1820 1049 Cal.
1855 974 2008 1065 Augusti
2029 990 2132 1087 'anto

1151 1074 1249 1149 ¹530
1288 1076 1316 1170 >⁶
1365 1196 1372 1207 ’
1505 1179 1926 1271 TaQuantulusmnque
1943 1172 2086 1250 Lucius

1611 1276 1758 1351 Paulus
1773 1274 1981 1351 Rosellius.

1159 1655 1226 1735 No,
1245 1654 1331 1727 817.

1155 1750 1324 1779 ω

1311 1838 1525 1921 Erasmus
1553 1832 1616 1919 od
1641 1834 1977 1923 Melanthonem.

1215 2014 1292 2071 Edita
1304 2014 1333 2071 iu
1348 2015 1464 2073 Coelest.
1476 2013 1538 2069 bist.
1552 2012 1655 2071 Comit.
1671 2012 1705 2069 Ρ.
1719 2012 1768 2071 lll.
1787 2033 1815 2090 p.
1829 2012 1862 2070 19
1868 2012 1899 2071 b,

1957 1658 2115 1781 Q

1148 2172 1376 2247 Erasmus
1401 2164 1751 2242 Roterodomus
1778 2162 2012 2271 Philippo
2035 2164 2120 2245 Mt·
2166 2168 2168 2175 ’

1522 2266 1764 2343 leuthone

1147 2400 1329 2507 Lusitano
1341 2426 1463 2496 iuveni
1479 2422 1548 2493 leci
1564 2423 1635 2494 mei
1648 2422 1786 2517 copiam
1800 2416 2042 2521 οὕτως’-Ἴ.
2065 2420 2123 2495 llas

1070 2576 1079 2591 ·
1149 2528 1295 2623 epistola
1313 2542 1409 2613 tua,
1460 2549 1526 2595 nec
1556 2520 1706 2595 Stibori
1740 2548 1891 2618 usquam
1929 2522 2125 2619 comparuit.

1150 2631 1257 2720 Quod
1271 2631 1315 2701 ad
1331 2628 1514 2700 Caesarem
1531 2627 1752 2719 scripserim,
1786 2650 1972 2719 perperam
1988 2626 2127 2697 relatum

1150 2746 1212 2805 est.
1263 2728 1306 2801 ln
1321 2724 1389 2801 hoc
1406 2727 1557 2798 concilio
1573 2729 1722 2799 verbum
1737 2728 1782 2797 ad
1798 2728 1902 2799 illum
1914 2751 1991 2798 non
2005 2726 2074 2799 scri
2108 2724 2117 2743 '

1150 2832 1285 2923 Scripsi
1317 2844 1455 2902 tantum
1489 2819 1709 2927 Campegio,
1748 2851 1886 2900 summo
1920 2828 2043 2901 studio

1151 2956 1274 3025 agens,
1323 2956 1369 3001 ne
1407 2931 1503 3000 bello
1542 2932 1587 3001 de
1620 2928 1845 3021 dogmatibus
1877 2930 2129 3021 transigerem·
2168 2974 2170 3003 t

1150 3033 1360 3107 Consimilia
1390 3031 1513 3123 scripsi
1544 3028 1722 3123 Episcopo
1745 3030 1962 3121 Augusteusi
1991 3030 2136 3125 aliirqm·

1151 3134 1337 3205 nonnullis
1350 3133 1482 3205 amicis.
1533 3130 1665 3225 Meque
1682 3154 1802 3220 rogas,
1834 3156 1880 3201 ne
1894 3132 1932 3203 id
1947 3132 2065 3204 iacere
2078 3132 2129 3201 ds·

1067 3284 1076 3299 .
1152 3262 1283 3306 sinam:
1318 3236 1405 3329 quin
1421 3235 1538 3325 potins
1555 3232 1773 3323 rogcsistos,
1807 3246 1848 3305 ut
1870 3232 2038 3305 desinant
2060 3254 2139 3325 perv.-

114 3310 176 3379 per
208 3281 411 3367 observari,
449 3285 543 3352 colui
573 3298 609 3353 et
640 3282 798 3373 suspexi,
832 3284 964 3375 quique
996 3307 1099 3373 cupro
1168 3340 1177 3355 .

113 3383 249 3457 Christi
272 3406 412 3452 causam
435 3408 499 3476 per
522 3397 557 3454 te
578 3384 729 3455 maxime
747 3384 930 3455 defensum
945 3384 1010 3469 iri,
1034 3384 1101 3453 tibi

116 3485 179 3557 has
201 3508 296 3555 meas
320 3484 448 3555 iterum
471 3486 624 3556 scribere
644 3484 759 3568 volui,
792 3484 976 3577 inquibus
995 3485 1100 3555 etiarn

117 3588 213 3658 illius
228 3585 413 3677 epistolae,
437 3610 525 3680 quae
541 3600 601 3657 tua
619 3610 691 3655 esse
705 3584 854 3669 dicitur,
879 3586 924 3655 ad
938 3600 971 3655 te
985 3610 1102 3657 exem-

116 3692 216 3783 plum
236 3688 356 3772 mitto,
387 3702 428 3757 ut
451 3682 803 3786 lacturam⁸)'tuam,
837 3685 884 3781 (si
903 3702 1023 3757 tamen
1042 3699 1100 3755 tua

116 3790 393 3883 est)”agnoscas3
432 3788 463 3857 si
486 3785 590 3875 tero,
625 3790 667 3860 ut
692 3787 850 3881 plerique
871 3788 926 3877 tui
946 3802 1102 3857 amantes

117 3892 280 3974 credunt,
307 3889 422 3961 aliena
437 3884 715 3975 cst,·hominum
729 3888 877 3959 istorum
886 3884 915 3982 ¹)
936 3887 1103 3977 maligni-

118 4005 224 4064 tatem
257 3993 449 4083 expendas,
490 3988 554 4085 qui
582 3991 649 4063 tibi
679 4012 720 4061 ca
751 3984 976 4073 adscribunt,
1013 4012 1102 4081 quae

116 4088 260 4164 Christo
294 4094 456 4186 verisque
489 4088 623 4164 Christi
657 4090 902 4161 defensoribus
939 4089 1103 4159 dedecori

118 4207 210 4266 sunt.
263 4190 317 4263 Te
335 4194 443 4283 igitur
457 4218 522 4263 oro
539 4208 575 4265 et
593 4195 756 4277 obsecro,
788 4204 830 4261 ut
851 4214 933 4261 cum
952 4192 1103 4261 istorum

120 4296 288 4364 insulsam
321 4296 541 4384 diligentiam
575 4316 768 4388 eorumque
803 4292 985 4385 improbae
1026 4292 1105 4362 ani-

119 4420 196 4465 mac
206 4392 235 4485 ⁸)
250 4396 422 4467 malitiam
439 4398 663 4486 cognoveris,
685 4396 775 4463 velis
787 4394 970 4465 ardentius
981 4418 1104 4464 eorum
1175 4448 1184 4465 .

126 4518 352 4537 m

153 4578 183 4639 ⁶)
203 4576 234 4629 C.
251 4577 307 4632 168.
313 4578 446 4646 firmnm.

72 4678 86 4699 ι
156 4664 181 4731 t)
202 4664 305 4733 Apogr.
321 4661 409 4717 llanu.
421 4674 448 4717 et
460 4684 484 4719 c.
498 4664 556 4719 168.
573 4682 647 4721 eum·

156 4742 462 4815 “)('..168.pm'dern.
537 4754 541 4761 '

156 4830 184 4895 9)
202 4832 248 4883 laic
262 4848 318 4883 non
333 4828 411 4885 habet
425 4848 451 4885 c.
467 4831 503 4886 G.
518 4834 563 4887 28.

156 4916 183 4981 8)
204 4918 304 4987 Apogr.
318 4913 406 4970 llum.
421 4920 510 4988 ictuc,
527 4938 555 4973 c.
569 4918 630 4975 168.
644 4920 741 4989 ιἰιὶιίο,
759 4914 1087 4991 praetermissorum.

156 5004 184 5065 t)
204 5004 303 5071 Apage.
318 4998 408 5054 llaun.
422 5003 576 5057 minorem.

157 5084 185 5145 ⁵)
204 5083 307 5155 Apage.
322 5081 410 5142 llann.
423 5094 486 5139 etc.
502 5086 558 5142 168.
571 5088 658 5141 enim.

156 5166 184 5231 6)
194 5166 346 5235 sactorum
363 5168 509 5225 nonhabet
524 5190 618 5245 apogr.
632 5172 739 5239 lirum,
756 5174 818 5229 cod.
833 5175 1054 5245 sassonorum.

155 5250 183 5307 7)
201 5246 496 5313 GG.28.morum.
585 5286 592 5301 ι

155 5338 185 5403 8)
205 5337 308 5407 Apogr.
323 5332 448 5395 Hunnor-
462 5350 490 5397 ct
501 5358 530 5399 c.
544 5340 604 5401 168.
617 5343 777 5413 hrotam
789 5344 890 5402 αἰνή.
945 5360 951 5373 ·

1152 3338 1280 3408 tinacia
1297 3359 1358 3407 sua
1375 3328 1618 3427 conviciisque
1623 3330 1832 3425 Principum
1847 3334 2049 3407 animos-ad
2063 3330 2130 3407 hel-

1152 3439 1225 3511 lum
1243 3437 1392 3509 irritare.
1443 3432 1520 3527 Ego
1536 3458 1609 3504 non
1627 3459 1724 3505 nunc
1739 3447 1899 3521 tantum,
1930 3436 1995 3507 sed
2016 3456 2132 3527 perpe

1151 3530 1266 3611 tuo'et
1279 3534 1545 3627 Theologorum
1566 3536 1746 3606 saevitiam
1768 3560 1833 3627 pro
1856 3532 1995 3609 viribus
2016 3532 2133 3615 modi.

1139 3656 1187 3712 ·et
1199 3636 1408 3730 Principum
1433 3638 1571 3709 animos
1595 3662 1615 3707 a
1639 3636 1827 3705 saeviendo
1852 3634 2026 3711 deterrui.
2075 3632 2138 3705 lli·¹

1153 3744 1232 3823 de's,
1264 3763 1368 3835 quam
1393 3734 1482 3807 mihi
1502 3738 1659 3807 'referant
1676 3738 1834 3827 gratiam.
1883 3734 2133 3827 Comruigrav'rt

1154 3840 1428 3935 Argentoratum
1451 3840 1611 3927 ebriolus
1628 3837 1773 3931 quidam
1788 3830 1984 3907 Gerardus
1998 3832 2152 3937 Norica.

1154 3936 1303 4035 magur,
1336 3966 1440 4034 quem
1455 3932 1494 4009 iu
1509 3940 1673 4033 epistola,
1704 3938 1884 4009 civilitatis
1897 3938 2031 4028 gratim
2051 3934 2139 4009 vata

1154 4044 1287 4115 turium
1311 4038 1589 4111 Ncocomomum
1614 4040 1819 4125 nominavi,
1856 4034 2008 4111 antehac
2035 4050 2141 4131 altpt&

1154 4147 1300 4216 modum
1323 4166 1444 4212 amans
1466 4142 1555 4227 mei;
1595 4165 1693 4211 nunc
1714 4140 1800 4211 lurit
1822 4164 1897 4211 nou
1920 4140 2026 4211 aliter
2047 4162 2087 4211 ac
2106 4136 2149 4207 ri·

1155 4260 1290 4338 patrem
1306 4258 1340 4314 et
1353 4256 1519 4326 matrem,
1543 4266 1649 4311 avum
1664 4254 1700 4329 et
1713 4241 1826 4311 aviam
1844 4254 2034 4334 utramque
2046 4240 2130 4311 feru

1156 4368 1344 4417 necassem.
1395 4342 1469 4413 Suo
1486 4342 1631 4411 nomine
1648 4354 1800 4435 quatuor
1812 4340 1883 4411 iam
1900 4336 2132 4413 libelloseml·

1156 4464 1213 4519 srt.
1266 4444 1441 4534 Quintus,
1465 4444 1592 4537 plenus
1602 4442 1772 4515 conviciis
1787 4457 1822 4513 et
1834 4437 2039 4537 hypocrisi,
2057 4462 2137 4537 proq-

1158 4548 1225 4618 diit
1256 4546 1400 4617 nomine
1430 4545 1675 4616 ministrorum
1708 4542 1741 4611 V
1776 4540 2140 4633 Argentoratensiuma-

1158 4645 1256 4719 Nihil
1273 4648 1482 4721 seditiosius.
1543 4643 1666 4737 ltaque
1680 4640 1826 4736 posthac
1841 4668 1915 4714 non
1933 4656 1986 4713 est
2002 4642 2132 4715 animm

1157 4774 1258 4841 agere
1273 4751 1317 4819 de
1338 4747 1581 4839 componendo
1603 4744 1765 4835 negotio,
1792 4770 1872 4817 cum
1894 4744 1964 4837 ipsi
1986 4758 2061 4815 non
2082 4766 2143 4831 so,

1156 4854 1233 4922 lum
1253 4847 1348 4921 nihil
1364 4848 1562 4931 remittant,
1597 4846 1847 4917 verumetiam
1873 4846 1920 4915 ad
1948 4844 2135 4923 tumulum

1157 4966 1341 5024 cruentum
1374 4952 1501 5041 gestire
1529 4948 1729 5021 videantur.
1798 4944 1980 5019 Dominus
2009 4945 2135 5021 exim

1194 5102 1416 5123 m

1190 5188 1219 5255 ⁸)
1239 5189 1341 5257 Apogr.
1354 5186 1444 5240 llrnn.
1456 5193 1482 5237 et
1496 5200 1521 5238 c.
1536 5182 1594 5237 168.
1607 5182 1722 5237 catana.
1732 5180 1806 5247 Aa&
1820 5180 1879 5236 11.

1191 5272 1237 5337 W)
1255 5270 1330 5325 Coel.
1345 5270 1422 5324 habet
1434 5264 1565 5333 (εὔτονος,
1584 5264 1659 5335 quod
1671 5262 1796 5336 profecto
1808 5264 1972 5321 nudemur
1984 5270 2036 5321 u.
2066 5262 2140 5321 Η

1226 5338 1307 5393 dubie
1320 5336 1494 5393 rcriberdum
1504 5330 1632 5403 citeros,
1650 5326 1842 5405 celticius,
1860 5330 1904 5395 vel
1917 5331 2002 5391 οίὶιιιι
2013 5328 2126 5397 addus.
2165 5364 2173 5381 .
