4522 5760
20 127 336 277 ..eoas

677 156 1115 235 EPISTOLARUM
1171 158 1280 237 LlB.
1316 158 1399 233 Vll.
1453 158 1585 239 1555.
2061 167 2151 240 tots

112 338 201 438 (Xl)
228 337 388 428 Quodsi
411 349 527 415 autem
550 356 641 423 opus
663 332 771 404 fuerit
791 332 962 405 diuturna
984 333 1106 402 defen·
1155 328 1280 429 (XIV)
1306 331 1413 419 Item,
1438 328 1774 408 cuml'cercrendiss.
1789 337 1894 426 legati
1902 334 2150 410 sereniss&-

164 445 264 515 sione
282 453 426 530 propter
442 437 747 507 continuationem
765 435 852 504 belli
869 458 931 506 seu
951 435 1108 503 invasio·
1144 449 1146 452 ’
1206 437 1259 525 gis
1275 437 1348 505 sint
1362 438 1409 505 ad
1426 450 1565 529 tempus
1579 437 1619 506 in
1634 434 1827 508 Germania
1845 441 2093 528 permansuri,
2122 456 2152 510 et

165 546 222 614 nis
235 539 537 620 adversariorum,
570 531 639 608 hoc
654 560 756 621 casu,
781 537 1056 628 comprincipes
1075 548 1109 604 et

165 644 336 715 foederati
352 641 498 731 obligati
515 640 587 709 sint
602 663 676 708 non
689 652 829 709 tantiun
842 640 886 708 ad
901 637 1109 709 ulteriorem

168 745 392 819 collationem
408 741 598 833 pecuniae,
627 764 751 810 verum
767 738 931 810 etiamad
948 753 1109 809 mutuam

142 847 431 930 defensionem,
472 867 552 912 cum
576 842 784 933 corporibus
809 853 843 910 et
866 841 1033 910 omnibus
1057 842 1112 910 fa-

169 949 359 1020 cultatibus
375 945 531 1016 ethonis
548 944 639 1028 suis,
665 941 833 1016 Sereniss.
849 940 927 1014 Rex
941 966 1016 1012 non
1031 965 1112 1032 gra-

170 1064 273 1123 vetur
296 1049 335 1117 in
356 1043 425 1117 hoc
448 1070 548 1132 casu,
577 1057 725 1135 urgente
748 1044 971 1130 necessitate,
1007 1043 1113 1114 etiam

80 1139 87 1151 ’
171 1150 324 1244 amplius
344 1148 521 1232 conferre,
554 1146 718 1216 videlicet
739 1145 808 1217 alia
828 1148 978 1218 ducenta
999 1144 1113 1213 millia

171 1250 405 1324 Coronarum.
449 1248 538 1339 'Qua
554 1262 673 1317 tamen
689 1247 839 1339 pecunia
854 1272 919 1339 pro
933 1262 1034 1343 parte
1057 1245 1112 1315 di-

169 1355 279 1424 midia
308 1376 483 1424 unacum
506 1346 738 1442 suapccunia
761 1349 933 1420 foederati
956 1360 1121 1431 utantur.¹

171 1452 220 1526 Et
237 1457 266 1524 si
283 1455 483 1542 contingat,
510 1452 612 1521 citius
629 1451 723 1520 finiri
739 1450 892 1538 bellum,
915 1465 1000 1521 tnnc
1017 1442 1114 1543 quod

173 1557 349 1650 reliquum
367 1555 493 1638 fuerit,
510 1555 612 1623 ‘bona
631 1553 698 1621 lide
715 1566 933 1637 reservetur,
964 1562 998 1622 et
1013 1551 1114 1650 finito

172 1674 330 1748 tempore
345 1654 666 1727 confoederationis
679 1651 756 1728 Ser.
764 1650 857 1743 Regi
872 1654 1090 1725 restituatur.

120 1772 231 1870 (ΧΠ)
256 1772 363 1862 Quod
385 1773 414 1841 si
430 1769 506 1843 Ser.
523 1767 600 1857 Rex
615 1771 728 1839 facere
742 1769 912 1855 voluerit,
942 1769 1117 1861 pollicen-

173 1891 233 1946 tur
255 1874 455 1965 Principes,
492 1894 568 1940 sese
596 1892 677 1942 curn
699 1871 774 1940 suis
795 1869 994 1943 coniunctis
1017 1870 1115 1940 suffi-

172 1977 346 2047 cientibus
364 1973 589 2046 cautionibus
607 1986 868 2043 assecuraturos
890 1996 965 2042 non
988 1973 1114 2054 solum,

173 2080 268 2172 quod
293 2065 506 2147 huiusmodi>
522 2073 713 2164 pecuniam
740 2098 814 2145 non
842 2087 1050 2146 convertent
1076 2072 1115 2139 in

49 2258 62 2271 ,
175 2181 285 2251 alium
300 2202 422 2261 usum,
456 2172 560 2269 quarn
579 2178 623 2244 ad
641 2174 884 2245 defensionem
905 2175 1058 2247 foederis
1082 2188 1115 2244 et

176 2305 315 2351 eausam
331 2277 514 2369 religionis
528 2300 599 2346 una
620 2300 701 2346 cum
722 2300 785 2347 sua
807 2278 974 2370 pecunia,
1007 2300 1115 2368 quam

170 2384 243 2475 ipsi
266 2383 307 2451 in
325 2381 390 2452 tali
411 2376 718 2448 confoederatione
744 2380 950 2464 conserunt,
989 2400 1113 2447 verum

82 2546 88 2553 .
176 2486 284 2554 etiam
304 2484 401 2575 quod
426 2483 561 2570 integre
584 2491 619 2548 et
634 2479 785 2550 fideliter
801 2484 916 2551 eidem
933 2476 1115 2572 Sacrilegi

175 2586 323 2657 eandem
335 2606 527 2666 summam,
559 2604 653 2674 quae
667 2580 724 2649 vel
738 2583 803 2653 ubi
815 2608 889 2653 nou
904 2583 1013 2654 fuerit
1026 2603 1116 2672 opus
1149 2636 1164 2673 .-

176 2686 381 2758 defensione
401 2686 458 2752 vel
487 2696 568 2775 post
596 2682 839 2754 defensionem
868 2685 1012 2778 reliqua·
1038 2682 1116 2765 erit,

178 2788 380 2880 persolvent
397 2798 431 2855 et
444 2785 629 2855 restituent
645 2798 760 2866 casus
777 2811 848 2878 qao
864 2809 939 2855 non
954 2783 1115 2855 fueritin

179 2912 259 2961 eum
276 2911 380 2958 usum
392 2886 572 2958 collocata.

1209 563 1290 610 cum
1303 538 1392 607 viris
1406 539 1537 623 doctis,
1569 541 1609 608 in
1622 539 1729 609 sacris
1744 540 1855 609 literis
1873 542 1920 609 de
1940 542 2151 634 quibusdam

1209 639 1367 710 articulis
1396 641 1625 726 collocuturi,
1665 655 1854 732 precantur
1876 640 2083 734 Principes,
2117 658 2151 714 ut

1210 766 1317 834 quam
1336 741 1492 832 primum
1510 743 1673 811 animum
1692 743 1959 813 et-sententiam
1985 744 2150 819 sereniss.

1211 841 1321 931 Regis
1333 844 1391 914 sui
1405 846 1448 914 de
1462 844 1654 936 praedictis
1666 843 1706 912 in
1719 845 1861 915 foedere
1876 846 2151 941 conditionibus,

1211 946 1291 1015 loco
1306 959 1342 1015 et
1358 958 1452 1015 statu
1464 947 1647 1031 ineundis,
1672 946 1895 1017 sciscitentur
1909 963 1943 1018 et
1961 949 2152 1041 inquirant,

1214 1061 1265 1129 et,
1296 1069 1379 1116 curn
1408 1050 1453 1117 de
1477 1047 1521 1117 iis
1543 1047 1712 1119 certiores
1745 1048 1829 1119 facti
1857 1050 2012 1134 fuerint,
2045 1051 2152 1134 nobis,

1212 1145 1369 1218 Electori
1385 1147 1558 1220 Saxoniae
1581 1163 1616 1219 et
1630 1147 1856 1240 Landgravio
1872 1147 2022 1220 Hassiae
2049 1154 2153 1241 signi-

1213 1250 1330 1320 ficent.
1391 1248 1500 1339 Quod
1530 1251 1639 1320 simul
1670 1264 1776 1343 atque
1810 1252 1979 1337 fecerint,
2016 1255 2152 1323 mittent

1214 1349 1399 1443 Principes
1415 1362 1479 1422 suo
1498 1365 1531 1423 et
1547 1350 1713 1423 Statuam
1735 1355 2072 1425 'confoederatorum
2095 1379 2152 1425 no-

1214 1443 1312 1522 mine
1328 1453 1446 1523 statim
1462 1452 1613 1543 Legatos
1626 1455 1671 1523 ad
1684 1452 1855 1529 Sereniss.
1870 1452 2028 1545 Regem,
2054 1470 2089 1525 et
2105 1457 2151 1524 in-

1217 1567 1270 1623 ter
1287 1577 1346 1624 eos
1359 1579 1473 1623 unum
1492 1555 1702 1626 excellenter
1715 1558 1869 1640 doctum,
1895 1581 1972 1625 non
1984 1557 2103 1627 solum
2119 1573 2151 1627 ut

1215 1678 1295 1724 cum
1318 1654 1489 1728 Sereniss.
1504 1654 1618 1747 Regia
1631 1654 1817 1737 Maiestate
1840 1658 2034 1749 diligenter
2056 1683 2150 1750 super

1216 1755 1373 1826 articulis
1389 1753 1600 1828 christianae
1620 1759 1800 1829 doctrinae
1822 1760 2029 1844 conferant,
2062 1776 2095 1831 et
2115 1762 2149 1829 de

1216 1858 1426 1929 ceremoniis
1446 1859 1596 1953 aliisque
1617 1860 1656 1931 in
1677 1861 1821 1943 ecclesia
1849 1862 2054 1946 mutandis,
2090 1878 2148 1932 sta-

1181 1954 1186 1962 ’
1216 1958 1358 2031 tuendis
1383 1970 1420 2035 et
1440 1961 1651 2032 ordinandis
1673 1962 1827 2033 fideliter
1848 1963 2069 2046 deliberent,
2097 1988 2147 2031 ve·

1214 2086 1294 2130 rum
1311 2052 1416 2132 etiarn
1433 2064 1477 2135 de
1501 2063 1668 2134 omnibus
1680 2052 1732 2133 ¹iis
1759 2062 1936 2147 articulis,
1967 2066 2147 2158 dequibus

1215 2163 1388 2247 diximus,
1412 2190 1493 2235 cum
1508 2163 1678 2235 Sereniss.
1692 2162 1804 2255 Regia
1821 2165 1994 2254 dignitate
2014 2167 2146 2235 nomine

1214 2266 1478 2339 foederatorum
1493 2266 1708 2337 conveniant
1722 2282 1756 2338 et
1772 2268 2000 2341 concludant.
2111 2273 2113 2278 ’

1240 2454 1444 2530 Edwardus
1459 2454 1711 2529 Herefordens.

1240 2589 1553 2689 NicolausHeytlr.

1243 2727 1424 2800 Antonius
1438 2725 1564 2799 Barns.

1148 2956 1152 2963 .
1241 2859 1303 2944 80·
1317 2856 1474 2950 ῧτίεδτίἀ)
1488 2852 1667 2951 dbutfitft.
1760 2854 1893 2978 ffbifipt
1909 2858 1943 2932 f.
1958 2877 1996 2949 aa
2011 2854 2121 2954 beflas
