4522 5760
51 214 57 223 “
124 238 199 318 ιιι
662 232 1127 316 'anieronluuu
1180 236 1301 318 nra.
1324 238 1408 319 vn.
1459 238 1592 319 sess.
1716 278 1722 289 ,
2083 248 2144 323 ιιι

120 412 330 508 losophiam.
387 411 472 482 Ideo
501 412 597 482 enim
625 410 809 507 plerisque
827 410 936 483 stellis
960 406 1129 483 heroum'
1162 412 1406 485 animadversa
1429 415 1476 486 sit
1503 414 1687 500 motuum,
1721 429 1842 510 postea
1859 418 1948 489 -vnlt
1970 438 2019 487 ex
2037 408 2145 489 Ptole·

82 578 85 585 .
120 519 273 590 nomina·
293 514 406 586 indita
430 527 531 599 sunt,
564 516 649 609 quia
671 514 972 585 coelestes'motus
989 516 1112 585 obser·
1161 536 1265 583 maso
1279 515 1362 607 peti.
1405 511 1560 587 Adhaec
1585 516 1735 608 cognitis
1755 513 1812 588 his
1830 518 2145 613 clementisplans-
2174 576 2183 603 ,.

120 633 250 691 verunt
279 632 384 713 atque
412 616 648 689 illustrarunt.
710 615 785 687 Nec
804 610 955 708 'Orphei
983 611 1110 710 chelyn
1161 630 1277 688 tarum
1295 630 1413 688 motus
1434 642 1476 688 ex
1498 619 1640 689 tabulis.
1658 621 1703 690 ad
1723 619 1762 690 id
1784 620 2146 715 compositis'compo-

119 723 227 793 aliam
251 721 298 789 ob
326 742 467 788 causam
499 718 595 789 inter
621 719 736 788 sidera
764 719 916 809 positam
946 718 1111 803 arbitror,
1159 717 1229 788 tari
1241 732 1401 811 possunt.
1453 716 1499 790 ld'
1512 744 1654 815 quoque
1667 722 1822 815 pertinet
1837 724 1885 793 ad
1898 717 1946 794 τὸ
1962 716 2044 795 ὅτι·
2087 720 2144 796 sel

119 848 225 919 quam
247 821 332 916 quia
347 815 440 889 hanc
455 813 717 913 philosophiam
731 822 775 890 de
788 820 965 889 sideribus
975 822 1112 890 docue-
1158 832 1278 889 tamen
1293 815 1381 891 hacc
1395 820 1550 914 primum
1570 824 1742 893 tradenda
1764 822 2025 895 iudicaverunt
2043 818 2146 896 horniss'

117 927 177 1001 rit.
228 921 351 1016 ltaque
372 917 561 991 hortentur
583 923 802 992 iuventutem
824 923 870 991 ad
888 918 975 992 haec
991 922 1110 992 studia
1159 944 1222 990 nes
1243 921 1368 1014 periti,
1406 935 1448 992 ut
1470 936 1591 1014 postea
1616 925 1938 996 demonstrationes
1966 927 2018 996 de
2050 926 2146 997 esuis

118 1043 154 1099 et
169 1026 323 1116 dignitas
344 1018 474 1092 harum
494 1048 631 1109 renim,
666 1020 705 1094 ct'
716 1022 930 1115 cognitionis
945 1024 1110 1106 suavitas,
1158 1022 1297 1094 facilius
1318 1023 1452 1116 percipi
1473 1036 1626 1116 possent.
1683 1021 1734 1095 Et
1753 1026 1921 1112 interim,
1959 1028 2055 1098 dum
2074 1022 2147 1107 haec

118 1142 154 1200 et
168 1126 376 1218 magnitudo
390 1124 604 1211 utilitatum,
632 1138 668 1194 et
689 1120 935 1195 honestissima
951 1125 1110 1217 exempla
1158 1125 1330 1195 elementa
1351 1124 1496 1195 suntin
1517 1126 1683 1197 manibus
1702 1139 1737 1197 et
1750 1122 1953 1219 agitantur,
1976 1128 2147 1199 interdurn

117 1231 280 1302 omnium
295 1250 514 1297 summorum
530 1228 755 1317 ingeniorum
770 1228 886 1297 omnis
899 1228 1034 1299 aetatis.
1159 1250 1281 1296 causae
1296 1227 1435 1319 aliquae
1448 1224 1556 1297 simul
1573 1230 1818 1303 ostenduntur.
1868 1227 2054 1305 Mirabili:
2065 1230 2147 1301 enfin

218 1328 340 1419 Quid?
374 1329 471 1421 quod
490 1324 577 1398 haec
600 1328 758 1399 coelestis
772 1329 907 1398 musica
921 1330 1109 1421 protutura
1158 1328 1302 1398 vinculo
1333 1328 1427 1398 inter
1447 1350 1484 1397 se
1508 1329 1691 1400 doctrinae
1713 1344 1830 1422 partes
1854 1354 2047 1402 connexae
2061 1321 2148 1403 'suoi

118 1448 170 1505 est
193 1430 491 1520 etiammoribus.
550 1428 642 1500 Nam
665 1429 741 1523 ipsa
769 1431 1005 1501 consideratio
1031 1452 1109 1499 ma·
1157 1422 1272 1498 Plato
1290 1428 1493 1520 gravissime
1508 1430 1643 1525 inquit:
1676 1424 2148 1533 doqpoisaros‘fivoiyatqabr

117 1558 267 1637 gnarum
291 1544 325 1601 et
348 1530 552 1602 divinarum
575 1556 695 1602 rerum
718 1532 872 1617 animos,
901 1546 1021 1624 captos
1045 1532 1108 1601 ad·
1159 1526 1310 1625 ἀληθῶς
1332 1524 1568 1626 ἀστρονόμον
1587 1527 1693 1605 εἶναι.
1744 1520 1878 1625 Magna
1901 1534 2007 1605 enim
2029 1534 2149 1709 dm

27 1624 34 1635 ’
116 1636 306 1705 miratione
338 1646 456 1702 tantae
487 1628 787 1725 pulchritudinis,
827 1633 1040 1704 mirabiliter
1063 1634 1107 1703 ad
1157 1656 1224 1703 nae
1241 1633 1343 1725 copia
1364 1646 1415 1702 est
1436 1633 1476 1701 in
1500 1629 1568 1704 hoc
1589 1655 1734 1723 genere,
1761 1658 1826 1706 nec
1846 1635 1926 1707 ulla
1949 1650 2029 1707 tam
2123 1635 2134 1655 ‘

116 1739 286 1807 virtutem
313 1748 349 1804 et
375 1737 419 1804 ad
442 1736 723 1804 moderationem
749 1734 870 1807 flectit.
929 1733 1109 1828 Quodque
1157 1756 1239 1826 pars
1255 1746 1316 1820 est,
1342 1735 1441 1827 quin,
1466 1735 1497 1803 si
1514 1735 1654 1825 penitus
1669 1734 1821 1806 velimus
1836 1742 1917 1806 eam
1933 1732 2148 1829 cognoscor,

116 1841 229 1909 sertor
244 1830 413 1926 Orpheus
427 1849 533 1907 cantu
554 1837 660 1905 silvas
685 1851 720 1908 et
742 1840 824 1906 saia
848 1837 1011 1923 traxisse,
1040 1832 1109 1906 hoc
1158 1835 1311 1927 plurima
1332 1835 1440 1905 simul
1461 1838 1661 1930 quaerenda
1683 1836 1765 1911 sint.
1826 1833 1910 1909 Etsi
1931 1830 2148 1911 autern²non

111 1931 188 2025 est,
221 1934 385 2007 homines
407 1940 514 2007 rudes
536 1952 568 2010 et
582 1939 677 2008 seros
691 1940 736 2008 ad
753 1962 789 2006 se
804 1939 1035 2023 convertisse,
1067 1950 1108 2006 ut
1157 1958 1280 2007 omnes
1296 1958 1333 2007 se
1346 1959 1491 2028 prorsus
1506 1933 1590 2008 huic
1604 1936 1722 2008 studio
1739 1937 1906 2009 addicere
1928 1932 2075 2012 volenti·
2102 1954 2148 2013 ts-

116 2041 262 2110 vivendi
278 2040 370 2127 leges
390 2041 609 2131 acciperent,
641 2064 717 2109 non
739 2040 896 2110 arbitror
916 2063 975 2109 eos
996 2039 1108 2128 magis
1156 2038 1239 2107 rnen
1263 2034 1350 2107 haec
1373 2038 1476 2108 initia
1499 2038 1663 2130 ignorare
1682 2033 1845 2109 homines
1868 2036 2148 2135 literatos⁵lurpe

115 2143 226 2213 ullius
240 2141 292 2217 rei
308 2140 495 2212 dulcedine
511 2155 631 2232 captos
650 2164 743 2227 esse,
774 2165 881 2235 quam
903 2140 1109 2210 monstratis
1137 2151 1228 2237 ¹est,
1250 2152 1285 2209 et
1298 2139 1456 2211 alienum
1473 2134 1704 2213 humanitate.
1756 2138 1954 2230 Quomodo
1977 2132 2148 2215 sidt‘uoo-

116 2246 221 2315 rebus
238 2243 459 2315 coelestibus.
507 2241 581 2312 Nec
596 2242 769 2312 deterreri
786 2265 824 2312 se
839 2244 884 2312 ab
900 2237 958 2313 his
981 2242 1109 2313 studiis
1157 2238 1259 2310 tr'arii
1280 2254 1398 2311 motus
1421 2241 1582 2328 orbium,
1622 2243 1667 2311 de
1688 2241 1774 2312 solis
1795 2266 1924 2331 cursis,
1965 2256 2061 2339 quae'
2085 2244 2147 2315 sint

115 2359 210 2416 recta
224 2343 365 2436 ingenia
381 2344 500 2414 sinant
516 2344 742 2414 indoctorum
758 2344 916 2429 iudiciis,
946 2345 1009 2437 qui
1028 2358 1109 2415 tan-·
1157 2341 1464 2437 aequinoctiorum
1492 2367 1533 2414 ac
1561 2342 1794 2416 solstitiorum
1817 2367 1949 2415 causae
1972 2322 2147 2431 aeliotae,

115 2462 192 2518 tum
214 2458 440 2539 quaestuosas
463 2461 555 2517 artes
580 2446 766 2520 mirantur.
817 2444 910 2516 Nam
926 2469 1007 2516 cum
1022 2440 1108 2515 haec
1158 2445 1277 2515 curin
1295 2444 1365 2514 alia'
1380 2443 1505 2515 circuli
1519 2460 1616 2536 parte
1632 2444 1769 2515 tardior
1783 2444 1830 2515 sit
1849 2454 1996 2534 motus,¹
2027 2440 2067 2517 ill
2083 2446 2146 2517 alia

115 2550 187 2618 sint
203 2548 345 2617 virtutis
358 2547 496 2631 studia,
513 2547 700 2617 -fortitudo
723 2547 830 2617 etiam
853 2548 893 2615 in
914 2548 965 2616 eis
988 2548 1109 2617 colen·
1158 2544 1333 2631 velocior,
1375 2548 1556 2639 quomodo
1580 2546 1665 2617 so'lis
1687 2570 1828 2633 cursus,
1869 2538 2061 2642 quomodo·
2080 2546 2145 2643 poli

115 2652 171 2721 dis
183 2649 396 2742 requiritur,
422 2671 511 2741 quae
527 2649 666 2719 animos
683 2650 851 2719 adversus
871 2649 995 2719 stultas
1009 2648 1109 2739 vulgi
1156 2647 1309 2719 altitudo
1331 2645 1442 2739 spatia
1464 2648 1604 2718 dierum
1625 2638 1755 2735 mutet,
1796 2672 1890 2743 quae
1911 2648 1993 2723 sint
2013 2640 2141 2725 bilibre

113 2746 303 2844 opiniones
319 2749 498 2834 obfirmet,
523 2763 558 2819 et
571 2774 736 2842 perversa
749 2750 880 2820 iudicia
895 2760 1107 2823 contemnat.
1156 2772 1237 2819 rum
1254 2746 1490 2835 differentiae,
1515 2775 1556 2819 ex
1571 2748 1701 2844 quihus
1716 2773 1797 2820 cum
1812 2750 1884 2819 alia
1899 2752 2020 2825 multa
2032 2748 2142 2845 depre·

218 2848 336 2943 Atque
357 2846 425 2920 hoc
448 2863 605 2942 tempore
628 2852 688 2921 vel
707 2851 857 2922 maxime
875 2853 1108 2944 pugnandum
1157 2845 1267 2921 hensa
1283 2862 1387 2930 sunt,
1420 2864 1496 2921 tum
1512 2852 1616 2921 etiam
1634 2852 1719 2922 solis
1742 2864 1777 2922 et
1796 2863 1913 2923 terrae
1934 2852 2141 2946 magnitudi-

115 2967 170 3025 est
189 2976 269 3023 eum
294 2946 519 3023 indoctorum
536 2953 836 3043 persuasionibus.
883 2950 993 3023 Nulla
1012 2953 1108 3022 enim
1157 2973 1238 3037 nes,
1264 2952 1326 3045 qui
1342 2952 1414 3024 sint
1428 2951 1613 3042 regionum
1628 2952 1734 3037 situs,
1768 2976 1879 3048 quare
1897 2953 1993 3026 luna
2009 2954 2142 3046 singnl’n

117 3056 204 3125 altas
237 3068 310 3124 tam
342 3054 457 3122 terrea
489 3054 592 3123 rectis
624 3054 751 3125 studiis
773 3055 859 3138 suit,
896 3079 1003 3149 quam
1028 3056 1107 3129 ista.
1155 3054 1338 3125 mensibus
1353 3053 1566 3138 occultetur,
1600 3067 1635 3123 et
1650 3067 1771 3147 postea
1783 3054 1960 3147 prodiens
1983 3056 2140 3150 paulatim

116 3154 228 3227 Garios
251 3156 303 3223 rei
327 3155 464 3225 etiamsi
485 3169 571 3226 sunt
594 3157 769 3249 quaedam
791 3156 830 3224 in
851 3157 954 3227 astris
973 3180 1107 3239 causae,
1156 3154 1301 3247 impleat
1318 3156 1459 3239 orbem,
1492 3179 1581 3249 quac
1599 3156 1783 3248 eclipsium
1796 3178 1922 3227 causae
1946 3159 2039 3232 sint':
2069 3154 2141 3229 hset

117 3271 158 3329 ut
180 3256 326 3347 eclipses
349 3271 384 3327 et
406 3269 561 3326 cometae
585 3251 714 3328 horum
734 3258 912 3328 annorum
935 3282 1010 3327 non
1042 3260 1108 3328 ob·
1156 3256 1262 3351 atque
1288 3257 1357 3326 alia
1380 3257 1493 3327 multa
1516 3258 1556 3326 in
1573 3256 1743 3328 facillima
1768 3271 1871 3349 parte
1901 3253 2017 3332 huius
2043 3258 2140 3331 libelli

117 3382 218 3429 scure
237 3357 453 3445 significant:
485 3370 605 3428 tanoen
626 3358 664 3428 et¹
682 3371 822 3450 practer
842 3360 965 3430 fatales
987 3383 1108 3430 causas
1156 3361 1364 3431 traduntur:
1391 3381 1481 3451 quae
1492 3362 1612 3427 tamc'n
1624 3357 1699 3451 ipsa
1709 3350 2139 3457 locupletissimamquru-

15 3482 19 3491 ·
116 3472 246 3549 augent
266 3453 358 3526 hanc
380 3459 515 3527 rabiem
537 3482 600 3528 suo
618 3461 748 3529 scelere
762 3455 925 3531 homines
939 3460 1107 3553 improbi,
1157 3462 1239 3530 dam
1255 3459 1456 3530 doctrinam
1479 3460 1681 3547 continent,
1715 3483 1780 3531 nec
1802 3460 1979 3552 explicari
1998 3475 2140 3555 possunt,

115 3584 269 3655 quorum
292 3558 405 3628 animi
424 3559 618 3629 ambitione
637 3575 671 3631 et
686 3561 833 3631 avaritia
851 3564 1012 3655 occupati
1025 3587 1107 3633 vere
1156 3561 1227 3631 nisi
1241 3562 1355 3632 multa
1371 3561 1594 3655 requiramus
1610 3588 1651 3632 ex
1664 3562 1843 3647 fontibus,
1878 3562 1948 3634 ubi
1972 3562 2139 3635 decausis

115 3665 209 3732 lona
240 3684 354 3753 neque
382 3661 580 3750 intelligere
619 3686 734 3755 neque
765 3676 923 3753 expetere
946 3678 1106 3756 possunt.
1156 3665 1368 3755 disputatur.
1433 3658 1554 3750 Quare
1574 3686 1743 3754 magnum
1766 3666 2079 3757 operaepretium
2096 3664 2139 3735 ia·

115 3762 271 3833 Proinde
287 3763 401 3831 maior
423 3756 626 3832 adhibenda
649 3777 701 3833 est
724 3765 904 3833 contentio
926 3766 1031 3836 honis
1051 3766 1109 3834 vi·
1156 3765 1256 3834 ciunt
1270 3762 1421 3836 studiosi
1435 3762 1475 3845 in
1493 3760 1561 3834 hoc
1576 3764 1699 3837 libello
1715 3768 1966 3856 cognoscendo
1985 3774 2114 3839 omnes.

115 3867 184 3948 ris,
215 3887 259 3931 ne
275 3864 395 3932 literae
414 3886 490 3933 non
508 3877 580 3934 tam
603 3864 691 3947 sato,
726 3888 834 3958 quam
856 3867 955 3957 vulgi
977 3870 1108 3953 furore,
1257 3864 1329 3936 Sed
1342 3888 1532 3956 generosae
1546 3880 1712 3952 naturae,
1745 3869 1943 3957 degustatis
1957 3862 2018 3939 his
2031 3867 2138 3947 initis

115 3987 302 4056 oppressae
324 3965 486 4034 funditus
509 3965 693 4034 intereant.
744 3962 905 4060 Cumque
929 3982 1020 4037 artes
1039 3967 1108 4037 Dei
1155 3967 1200 4036 ad
1223 3980 1358 4038 caetera
1380 3968 1517 4059 ingenti
1538 3969 1657 4038 animo
1679 3970 1894 4040 contendere
1919 3970 2075 4057 debent,
2106 3982 2138 4039 ut

110 4088 248 4134 munus
276 4064 368 4150 sint,
405 4089 480 4135 non
511 4066 697 4138 defuturus
726 4080 778 4137 est
799 4063 897 4137 Deus
929 4064 1004 4156 his,
1045 4071 1107 4164 qni
1155 4063 1430 4160 pulcherrimam
1457 4074 1496 4138 et'
1519 4069 1761 4140 suavissimam
1791 4064 2049 4163 philosophiae
2071 4080 2138 4165 pa'r·

118 4168 228 4258 ipsius
245 4167 337 4235 dona
351 4179 498 4236 tuentur
513 4179 547 4235 et
560 4168 767 4237 conservare
781 4171 934 4240 student.
1156 4183 1226 4239 tem
1235 4171 1489 4240 absolutamad
1499 4169 1590 4240 vitae
1600 4196 1705 4241 usum
1719 4173 1997 4243 accommodare
2008 4174 2138 4266 possint,

217 4264 391 4336 Fortassis
425 4262 484 4336 hic
520 4268 627 4337 etiam
661 4269 897 4341 adolescentes
934 4272 1121 4340 monendi.
1157 4283 1190 4339 et
1210 4294 1331 4341 causas
1352 4272 1489 4355 videre,
1528 4274 1625 4342 unde
1647 4273 1721 4344 sint
1743 4273 1798 4365 illi
1818 4296 1944 4343 rerum
1974 4266 2138 4355 dream

110 4381 237 4452 erant,
262 4368 343 4460 quis
357 4362 465 4437 huius
482 4367 597 4438 libelli
614 4391 698 4438 usus
713 4370 767 4439 sit.
820 4368 891 4440 Sed
911 4367 975 4441 has
991 4380 1107 4464 partes
1157 4395 1246 4464 quos
1263 4374 1312 4442 ita
1328 4387 1431 4443 vocat
1443 4364 1574 4457 Plato,
1615 4374 1655 4442 in
1679 4374 1815 4445 naturis
1838 4397 2038 4465 corporum
2056 4374 2138 4447 etin

116 4469 369 4560 interpretibus
389 4469 601 4562 relinquam.
646 4462 882 4541 Por-bachius
905 4474 1108 4565 prodentis-
1157 4473 1262 4543 rebus
1282 4475 1452 4566 publicis,
1485 4474 1547 4568 qui
1568 4487 1688 4560 onus,
1720 4477 1962 4562 incrementa,
2001 4476 2139 4549 inelina-

117 4572 205 4641 sime
220 4570 259 4638 in
278 4565 369 4639 hanc
385 4571 564 4660 epitomen
580 4570 754 4642 contraxit
765 4569 961 4645 Ptolemaei
975 4575 1108 4652 doctri·
1158 4573 1270 4643 tiones
1287 4588 1321 4643 et
1335 4576 1498 4646 interitus
1514 4576 1710 4651 continent.
1760 4575 1821 4648 Ad
1842 4570 1933 4648 haec
1949 4578 1984 4647 si
1998 4600 2139 4649 acces*

118 4697 200 4742 nam
222 4672 265 4740 de
291 4671 452 4740 omnium
476 4673 618 4742 orbium
639 4673 844 4742 coelestium
865 4676 1038 4760 motibus,
1066 4689 1108 4745 ut
1154 4675 1205 4745 rit
1225 4676 1382 4745 liberalis
1402 4679 1552 4746 aliarum
1575 4677 1758 4748 literarum
1778 4678 1944 4750 doctrina
1960 4693 1997 4751 et
2010 4680 2139 4771 religio

118 4773 285 4845 studiosis
306 4772 443 4842 aditum
464 4775 510 4841 ad
532 4775 686 4864 integras
706 4774 962 4865 disputationes
973 4778 1107 4868 patcsa-
1157 4774 1213 4842 nis
1236 4776 1401 4861 scientia,
1441 4778 1526 4870 quid
1551 4786 1666 4868 p'otest
1687 4779 1834 4868 cogitari
1859 4780 1927 4850 tali
1950 4780 2052 4867 viro,
2089 4780 2139 4875 qu‘

118 4887 221 4947 ceret.
272 4871 421 4943 Prodest
442 4874 538 4943 enim
563 4876 608 4944 ad
630 4876 790 4945 difficiles
816 4886 850 4943 et
875 4878 997 4966 longas
1021 4903 1108 4948 con·
1157 4876 1222 4945 ista
1237 4891 1442 4949 consecutus
1462 4892 1531 4961 est,
1563 4880 1724 4951 beatius?
1772 4877 1881 4951 Nulla
1903 4892 2039 4973 regna,
2069 4884 2138 4954 nul-

118 4974 307 5045 trovcrsias
329 4976 454 5044 afferre
478 4998 652 5045 summam
682 4970 835 5065 hegotii,
873 4977 972 5047 v'elut
1002 5001 1105 5067 argu-
1157 4977 1208 5045 las
1222 5002 1323 5069 opes,
1356 4980 1473 5049 nullas
1486 4978 1685 5072 voluptates
1708 4982 1849 5053 animus
1869 5006 1951 5052 non
1970 5000 2138 5056 monstro·

119 5089 291 5149 mentum.
343 5074 466 5168 ltaque
481 5078 567 5146 dum
583 5070 642 5146 hic
664 5077 819 5169 picturas
838 5078 981 5147 orbium
1005 5078 1109 5148 insti-
1157 5102 1215 5149 sus
1228 5074 1285 5148 his
1298 5080 1403 5150 bonis
1417 5082 1598 5155 anteferet.
1648 5081 1772 5177 Neque
1787 5106 1873 5155 vero
1887 5085 1967 5155 ulla
1986 5110 2030 5155 er
2053 5101 2137 5179 paro

111 5179 207 5261 tuit,
232 5191 371 5247 tanusm
389 5174 434 5249 τὸ
455 5172 531 5262 ὅτι,
565 5190 605 5247 nt
619 5174 669 5247 ita
684 5178 819 5263 dicam,
843 5179 964 5253 tradit.
1013 5177 1108 5250 Cau·
1156 5180 1310 5251 fructum
1342 5206 1464 5274 capere
1494 5182 1578 5252 satis
1609 5184 1759 5275 dignum
1789 5184 1866 5255 sine
1891 5180 1963 5257 hac
1986 5189 2139 5263 societate

110 5302 175 5348 sas
192 5302 296 5363 vero,
328 5302 391 5349 cur
412 5293 466 5349 tot
488 5279 658 5372 cuiusque
680 5279 839 5369 planetae
862 5280 966 5351 orbes
981 5302 1108 5350 nume-
1157 5283 1396 5353 doctrinarum
1411 5283 1598 5376 quisquam
1612 5286 1754 5378 poterit.
1804 5285 1879 5359 Sed
1895 5288 1999 5360 utin
2021 5290 2138 5361 fidbus

120 5394 260 5464 rentur,
295 5393 331 5452 et
352 5381 484 5473 quihus
504 5380 812 5453 observationibus
831 5380 930 5453 tanta
956 5380 1108 5452 varietas
1155 5382 1351 5473 plurimum
1386 5398 1578 5457 concentus
1614 5374 1721 5460 elicit
1749 5379 1949 5481 perfectam
1980 5414 2136 5464 sonorum
