4522 5760
10 206 131 299 'sse
229 188 247 225 *
623 210 1532 301 ur1sr0ntnuumevu.tsss.
1694 227 1697 232 ·
2022 232 2097 311 95,

23 486 29 491 1
50 396 204 489 simplex
217 410 252 467 et
265 395 365 468 utilis
377 394 468 464 ratio
477 386 665 483 docendi⁵)
680 399 916 459 conservetur.
944 382 1052 473 Quod
1100 391 1177 464 Deo
1203 417 1305 466 curae
1330 418 1414 470 esse.
1470 358 1535 465 hle
1556 395 1700 490 quidem
1724 397 1899 490 intelliges
1925 405 2093 480 astudio
2126 450 2133 462 ·

15 523 142 570 ’ἵετο
161 523 235 566 non
258 498 390 568 desinis
410 519 467 564 me
483 495 527 563 ad
551 494 803 562 illustrandum
820 481 1051 556 Aristotelem
1100 497 1195 586 pacis
1213 521 1436 590 nequaquam
1453 493 1654 572 abhorrere,
1705 496 1804 570 Bene
1817 504 2015 578 etfelicitef
2029 533 2094 580 va.
2213 510 2219 521 '

50 595 212 684 hortari,
245 601 311 670 etsi
334 613 435 668 antea
457 595 598 687 scripsi,
630 617 687 661 me
710 615 785 661 non
805 589 888 660 satis
908 589 953 657 ad
976 611 1052 657 rem
1100 599 1145 671 le,
1196 593 1594 696 DieLucag1535t),
1658 665 1663 674 Ι

50 714 192 775 tantam
205 701 418 772 instructum
430 721 520 783 esse,
545 710 579 767 et
595 696 766 788 quosdam
781 691 967 760 molientes
983 683 1051 757 hoc
1687 697 1782 774 Phil.
1798 702 1973 777 Melanth.
1987 692 2042 804 ¹⁵⁰).

22 872 28 882 ,
50 827 147 897 opus
160 803 328 895 impediri
348 800 613 893 perturbatione
634 810 853 886 temporum,
876 805 996 861 tamen
1012 802 1053 860 ut

50 905 235 994 intelligas
245 928 302 973 me
314 905 495 975 voluntate
509 915 614 992 atque
629 897 747 966 animo
769 919 845 962 non
860 887 1051 961 abhorrere
1602 978 1606 988 1
1695 974 1702 983 Ι

10 1082 25 1095 ,
52 1009 103 1078 sb
120 1002 187 1075 hoc
202 1007 339 1087 studio,
372 1006 474 1072 edam
497 999 653 1092 auspicio
670 996 832 1066 nominis
852 994 905 1063 tui
926 1017 1052 1084 repur-
1111 996 1178 1066 No.
1201 999 1310 1073 1346.
1942 1022 2000 1083 23,
2019 1014 2091 1084 Oo‘t,

51 1121 179 1199 gelum
192 1100 372 1202 Quintum
387 1097 625 1185 Ethicorum,
646 1100 685 1167 in
700 1123 771 1191 quo
781 1095 917 1166 videbis
937 1092 1053 1187 quanss
1106 1093 1318 1132 Μ
1473 1176 1476 1181 .
1944 1108 2079 1138 som.

51 1203 315 1283 tumbaltitura
334 1232 396 1279 res.
409 1207 454 1276 sit
473 1201 709 1283 difficultatis,
742 1199 772 1266 si
796 1197 876 1291 quis
889 1196 977 1266 velit
993 1196 1051 1265 lu·
1212 1288 1219 1301 ι
1494 1152 1694 1241 monae·
2128 1296 2130 1301 Ι

18 1302 36 1311 ”
51 1335 143 1381 men
156 1312 293 1380 adferre
309 1310 458 1380 exilibus
475 1299 505 1401 ⁶)
523 1298 734 1374 Aristotelis
751 1299 949 1383 sententiis,
976 1320 1050 1365 eas-
1169 1287 1255 1361 Etm-
1270 1287 1317 1344 ¹⁵¹³·
1330 1289 1365 1345 V·
1389 1309 1417 1361 s·
1436 1293 1486 1346 127
1499 1313 1559 1419 Ἲς·
1577 1325 1610 1340 -
1646 1296 1841 1369 Autogrsphon
1853 1299 1882 1354 in
1896 1299 2023 1358 biblioth.
2037 1302 2098 1359 tto-e

15 1414 186 1508 'qttead
204 1411 361 1481 usumin
376 1411 449 1480 vita
465 1409 504 1476 in
513 1403 541 1500 7)
557 1404 698 1495 Repub.
715 1402 915 1471 transferre.
950 1394 1050 1468 Audi
1202 1359 1323 1428 'mm’
1342 1360 1552 1416 ⁰⁰b¹⁵⁰⁰¹¹¹¹¹¹‘
1567 1364 1641 1420 ⁰¹²⁶
1655 1366 1775 1421 &nw-
1857 1388 1860 1394 ·

52 1515 156 1585 enim
175 1509 369 1606 quidmihi
392 1509 569 1581 acciderit.
620 1503 820 1576 Consilium
839 1494 1050 1570 Aristotelis
1100 1456 1153 1537 D·
1176 1457 1204 1532 Ῑ
1211 1458 1350 1535 ⁰d⁰⁶⁰
1368 1462 1484 1639 108Ἔὲ
1495 1493 1557 1640 Zrm
1561 1465 1778 1647 ’10)ξῖΐὲζὲῑέ
1802 1472 2093 1575 Wissbefgemis

53 1616 102 1685 de
114 1614 341 1685 distributiva
356 1612 490 1684 iustitia
504 1630 688 1702 nunquam
703 1604 878 1687 intellexi,
903 1626 942 1672 ac
956 1602 1051 1671 rnul-

52 1730 94 1788 ta
114 1711 206 1784 mihi
230 1716 499 1807 obstrepebant,
538 1713 651 1781 donec
674 1720 788 1777 totum
807 1706 911 1774 illum
933 1704 1051 1772 locum
1100 1675 1146 1767 S·
1161 1695 1207 1770 D.
1249 1696 1356 1787 Quod
1373 1701 1417 1770 de
1430 1717 1490 1773 tua
1504 1707 1721 1795 profectione
1737 1712 1782 1779 ad
1798 1734 1865 1781 nos
1880 1737 1998 1783 meum
2008 1737 2095 1787 con-

52 1816 292 1889 animadverti
317 1842 358 1886 ex
381 1809 522 1911 Quinto
542 1808 584 1882 de
606 1799 933 1902 legibusPlotonis
955 1829 1049 1874 sunt-
1101 1798 1221 1868 silium
1237 1803 1408 1894 requiris,
1430 1805 1531 1874 facile
1548 1808 1726 1900 intelligo,
1748 1811 1815 1882 tibi
1829 1837 1974 1903 magnae
1990 1842 2094 1890 curae

50 1933 160 2013 ptum
175 1942 257 1992 esse.
305 1915 377 1987 Hic
395 1914 633 2008 primumvidi
644 1911 731 2004 quid
747 1907 953 2001 spectaverit
963 1901 1051 1973 Ari·
1102 1896 1269 1971 Scholam
1288 1928 1377 1990 esse,
1411 1907 1512 1976 cuius
1527 1923 1673 1992 statum,
1706 1937 1787 1982 cum
1804 1911 1896 1983 mihi
1916 1919 2094 1997 notiorem

52 2015 219 2106 stoicies,
245 2020 466 2114 quiquidem
481 2018 570 2087 solet
583 2012 787 2085 lectissimas
804 2008 995 2079 sententias
1011 2030 1052 2076 ex
1102 2026 1176 2072 esse
1196 2016 1297 2095 putes
1310 2031 1416 2098 quam
1434 2008 1518 2095 tibi,
1543 2012 1675 2082 videris
1694 2015 1782 2084 scire
1800 2038 1960 2108 cupere,
1978 2045 2094 2112 quan·

51 2112 215 2192 Platone
229 2124 424 2213 decerpere,
442 2119 526 2189 etin
540 2111 749 2186 methodum
764 2112 935 2184 conferre.
960 2108 1053 2180 Nam
1103 2117 1179 2174 tum
1199 2106 1297 2177 illius
1314 2110 1459 2194 referat,
1492 2123 1525 2180 te
1545 2117 1831 2206 quoqucadesse.
1881 2115 1957 2208 Ego
1972 2123 2018 2191 ad
2036 2146 2095 2194 ce·

53 2248 140 2307 cnm
159 2223 222 2293 alii
242 2224 359 2314 inepte
376 2219 471 2293 hunc
486 2222 604 2290 locum
626 2218 665 2286 in
681 2208 875 2286 Aristotele
896 2214 944 2285 ¹de
967 2234 1054 2304 poe·
1102 2206 1299 2277 lebritatem
1314 2203 1463 2280 Scholae
1480 2224 1576 2282 tuam
1592 2218 1825 2304 praesentiam
1841 2222 1994 2291 multum
2007 2246 2094 2303 cons
2173 2299 2177 2307 ,

10 2316 399 2409 ·ιιὶε’ἰιιῑε11εκει·ἱηῑ,
434 2319 492 2392 hic
515 2323 621 2409 longe
645 2319 744 2388 aliud
773 2315 856 2406 agit.
918 2309 1054 2383 Omnia
1103 2310 1230 2377 ducere
1247 2332 1348 2401 posse
1365 2312 1528 2384 arbitror.
1580 2313 1721 2410 Itaque,
1755 2319 1784 2389 si
1803 2321 1842 2389 in
1857 2322 2015 2394 discessu
2025 2349 2094 2396 no-

10 2427 33 2459 ·“
52 2450 288 2521 personarum
302 2426 504 2496 discrimina
520 2424 559 2491 in
566 2423 639 2491 vita
651 2418 791 2511 publica
804 2429 839 2486 et
852 2415 1000 2506 privata,
1014 2412 1053 2480 in
1103 2423 1257 2480 strorum
1273 2412 1371 2479 domi
1384 2413 1544 2484 fuissem:
1569 2441 1780 2509 magnopere
1792 2423 1935 2492 fuissem
1951 2426 2017 2497 tibi
2030 2450 2096 2498 au.

53 2528 235 2620 imperiis,
272 2529 311 2596 in
331 2525 594 2617 magistratibus
617 2520 797 2609 legendis,
836 2518 876 2586 in
898 2513 1054 2599 familiis,
1103 2524 1159 2580 tor
1175 2506 1247 2581 huc
1264 2516 1492 2590 concedendi.
1542 2514 1647 2599 Nunc
1664 2535 1783 2590 autem
1807 2538 1961 2597 extento
1982 2527 2096 2598 inter-

10 2640 12 2645 '
54 2629 226 2701 constitui
241 2628 319 2698 vult
335 2626 559 2698 Geometrica
580 2622 828 2716 proportione,
861 2632 903 2689 ut
923 2617 1054 2686 efficia·
1103 2614 1197 2683 vallo
1226 2627 1260 2683 te
1281 2614 1385 2684 istinc
1406 2611 1580 2688 attrahere
1601 2643 1682 2690 cum
1702 2624 1865 2693 maximis
1884 2629 2094 2718 sumptibus,

53 2745 118 2804 tur
147 2730 242 2800 inter
264 2729 511 2824 Tyrannidem
541 2740 576 2797 et
602 2721 862 2795 Democratiam
892 2718 1054 2790 salutaris
1103 2739 1178 2783 non
1198 2715 1340 2785 videtur
1364 2741 1436 2787 esse
1457 2721 1701 2792 necessarium.
1752 2720 1898 2797 Adhaec
1913 2723 1959 2823 ¹),
1995 2732 2094 2824 quod

54 2833 179 2923 generi
195 2826 351 2903 humano
368 2828 603 2912 mediocritas,
629 2822 697 2896 hoc
712 2838 781 2909 est,
804 2834 844 2892 ut
857 2822 1054 2912 plurimum
1103 2818 1148 2886 de
1164 2817 1379 2908 supellectile
1403 2832 1443 2888 tu
1467 2821 1662 2905 existimas,
1704 2850 1745 2896 ac
1767 2828 1812 2896 de
1836 2828 1955 2911 lectis,
1991 2831 2098 2923 longe

54 2926 177 3005 valeat
189 2933 405 3026 optimorum
421 2932 602 3002 autoritas.
651 2924 756 2996 Hanc
775 2924 1053 3011 mediocritatem
1102 2941 1201 2988 secus
1223 2913 1354 2994 habet.
1389 2916 1528 2992 Omnes
1549 2925 1644 2993 enim
1667 2950 1741 2997 non
1761 2941 1900 3000 tantum
1919 2929 2096 3006 Patresia-

25 3058 36 3089 ··
55 3035 197 3109 utinam
215 3033 382 3128 Synodus
406 3034 512 3103 etiam
535 3033 576 3101 in
596 3025 754 3098 Ecclesia
775 3025 911 3095 efficere
927 3037 1053 3115 posset,
1103 3020 1239 3103 milies,
1284 3022 1345 3089 sed
1370 3021 1476 3091 etiam
1497 3019 1697 3097 scholastici
1725 3031 1836 3100 coacti
1867 3047 1951 3104 sunt
1989 3035 2100 3105 domo

56 3151 99 3211 ut
114 3136 278 3206 videlicet
293 3136 493 3227 sapientum
506 3148 542 3205 et
558 3133 736 3202 bonorum
752 3126 900 3198 consilio
927 3138 961 3195 et
973 3125 1055 3195 vul-
1104 3144 1184 3190 suos
1200 3122 1308 3193 lectos
1321 3116 1392 3191 huc
1409 3120 1593 3199 advehere.
1644 3126 1766 3223 Itaque
1781 3132 1839 3201 vir
1863 3133 2023 3206 existimo
2039 3135 2098 3206 in-

56 3237 292 3333 gitemeritas
305 3251 340 3306 et
354 3237 506 3306 aliorum
522 3232 710 3304 crudelitas
729 3224 1010 3300 coherceretur..
1103 3223 1220 3293 veniri
1234 3217 1293 3291 hic
1314 3247 1433 3314 posse,
1467 3226 1660 3320 qtti'lectos
1676 3232 1789 3303 velint
1809 3234 1935 3309 locare.
1986 3234 2097 3309 Domi

104 3400 108 3406 .
160 3338 232 3410 Sed
254 3363 325 3431 quo
343 3339 490 3408 delabor
503 3337 601 3406 velut
621 3333 752 3402 oblitus
773 3329 952 3421 institutae
970 3330 1073 3399 bre-.
1104 3324 1260 3396 fortassis
1277 3320 1305 3420 ²)
1326 3326 1578 3403 inveniremus.
1628 3329 1752 3424 Neque
1771 3335 1865 3404 enirn
1879 3337 1946 3407 tibi
1963 3338 2027 3409 tali
2042 3340 2099 3411 vi-

55 3440 190 3525 vitatis,
216 3440 279 3509 etsi
293 3434 380 3508 haee
395 3438 564 3528 adscripsi
581 3437 703 3521 libere,
726 3457 766 3503 ac
781 3425 984 3524 tanquam⁸)
1000 3431 1055 3500 fa·
1104 3450 1144 3495 ro
1159 3424 1309 3497 Senatus
1326 3428 1511 3499 defuturus
1528 3444 1635 3511 esset,
1662 3436 1723 3513 sed
1742 3450 1859 3507 tamen
1872 3454 2017 3531 propter
2030 3465 2097 3534 op-

53 3542 246 3614 miliariter
262 3554 377 3611 tecum
393 3540 635 3619 confabulans,
661 3537 758 3629 quod
775 3534 968 3603 statuebam
987 3532 1055 3602 tibi
1104 3527 1181 3618 pidi
1201 3540 1236 3597 et
1251 3528 1395 3620 quidem
1416 3533 1610 3624 frequentis
1625 3528 1655 3628 ³)
1677 3539 1874 3626 angustiam
1900 3564 2000 3613 neca
2017 3543 2100 3636 qui.

10 3686 21 3731 ,
55 3638 200 3715 homini
214 3642 416 3714 doctissimo
427 3666 501 3711 non
515 3641 688 3728 ingratam
698 3660 771 3707 esse
784 3631 878 3705 hanc
893 3628 1056 3705 ex'Scho-
1105 3631 1184 3698 dem
1199 3652 1256 3702 res
1270 3631 1346 3700 sine
1366 3633 1487 3726 aliquo
1509 3635 1650 3723 negotio
1666 3639 1790 3707 confici
1811 3655 1939 3731 posset.
1991 3641 2100 3732 Quod

10 3788 14 3797 ·
54 3744 95 3816 la
108 3759 283 3836 sumptam
297 3745 505 3815 orationem.
545 3740 638 3829 Cum
650 3754 768 3810 autem
783 3737 971 3827 intelligas,
987 3732 1056 3806 bo-
1105 3731 1150 3800 ad
1166 3725 1323 3801 scholam
1338 3731 1450 3823 ipsam
1465 3735 1608 3821 attinet,
1642 3733 1681 3806 hi
1697 3736 1932 3828 Professores,
1957 3744 2020 3836 qui
2035 3747 2100 3816 ad-

55 3870 142 3919 rum
164 3835 365 3916 studiorum
390 3843 694 3935 conservationem
722 3864 801 3926 eos,
837 3839 900 3937 qui
921 3840 966 3907 ad
990 3861 1056 3929 gn·
1105 3845 1204 3917 sunt,
1241 3834 1539 3924 assiduitatemjet
1563 3838 1783 3929 diligentiam
1806 3868 1881 3913 eam
1910 3859 2099 3935 praestant,

54 3946 251 4019 bernacula
272 3949 395 4017 sedent
418 3947 457 4014 in
477 3942 639 4036 Repub,
665 3966 748 4012 cura
780 3967 842 4012 sua
870 3940 1055 4031 complecti
1106 3946 1277 4027 quantum
1294 3936 1456 4027 equidem
1473 3937 1630 4009 iudicare
1643 3964 1807 4031 possum,
1828 3958 1868 4015 ut
1877 3970 1981 4016 nemo
1997 3949 2100 4040 queri

56 4048 208 4134 debere,
242 4062 278 4118 te
300 4073 363 4118 oro
389 4060 423 4117 et
439 4059 583 4139 propter
602 4046 718 4136 ipsum
739 4046 844 4114 decus
860 4043 1055 4123 literarum,
1105 4036 1232 4127 possit,
1254 4061 1377 4107 eorum
1390 4039 1602 4128 negligentia
1618 4043 1754 4136 aliquid
1768 4047 1974 4118 detrimenti
1987 4043 2101 4127 Scho-

57 4162 96 4221 et
113 4164 257 4243 propter
270 4147 426 4241 Reipub.
442 4149 610 4233 salutem,
629 4160 671 4216 ut
683 4160 744 4216 tua
760 4144 919 4228 consilia,
940 4156 1056 4214 tuam·
1106 4138 1178 4206 lam
1202 4138 1368 4230 accipere.
1419 4135 1469 4209 Et
1486 4155 1536 4210 est
1552 4135 1629 4227 hic,
1661 4158 1703 4214 ut
1724 4169 1764 4214 ex
1787 4159 1848 4217 tuo
1863 4148 2026 4223 ministro
2041 4160 2100 4222 ac-'

39 4274 132 4347 que
149 4251 372 4321 autoritatem
389 4252 434 4319 ad
456 4243 524 4317 hoc
546 4248 722 4332 conferas,
753 4260 793 4318 ut
813 4247 939 4316 studiis
957 4260 1057 4316 tran·
1107 4238 1230 4330 cipies,
1274 4239 1463 4310 mediocris
1491 4265 1661 4313 numerus
1685 4242 1919 4334 Auditorum,
1966 4263 2008 4320 ut
2030 4253 2100 4323 tali

55 4350 219 4449 quillitas
233 4352 424 4422 moderatis
442 4349 600 4443 consiliis
620 4349 841 4445 restituatur,
874 4371 943 4440 qua
962 4346 1001 4415 in
1017 4370 1056 4415 re
1107 4352 1263 4433 tempore
1288 4365 1363 4411 non
1383 4342 1562 4430 illibenter
1591 4359 1751 4437 sumptus
1774 4373 1919 4439 magnos
1941 4352 2100 4430 facimus.

53 4441 239 4553 praeclare
260 4454 305 4521 de
324 4453 490 4523 universa
503 4446 660 4519 Ecclesia
686 4450 799 4542 deque
822 4449 920 4518 omni
940 4462 1058 4540 poste-
1105 4436 1183 4531 Ego
1202 4444 1296 4511 enim
1312 4444 1393 4535 plus
1410 4469 1515 4536 quant
1533 4447 1750 4538 septuaginta
1772 4475 1897 4522 aureos
1912 4453 2097 4546 insumpsi,

54 4553 165 4628 'ritate
178 4555 380 4628 mereberis.
431 4550 497 4622 Est
510 4552 614 4621 etiam
626 4573 753 4640 magno
770 4551 847 4620 viro
863 4552 969 4641 digna
985 4550 1058 4620 vir·
1108 4555 1143 4612 et
1159 4556 1266 4636 quota
1282 4568 1364 4635 pars
1376 4539 1513 4639 hyemis
1530 4560 1580 4617 est
1596 4550 1776 4620 confecta?
1799 4552 1871 4624 Sed
1882 4554 1974 4633 noeti
1984 4579 2097 4627 meam

54 4672 138 4741 tus,
170 4651 335 4726 homines
359 4658 480 4725 doctos
504 4653 662 4745 periculo
688 4653 857 4736 liberare,
895 4652 1058 4746 quicum
1108 4638 1336 4736 οἶκονομίαν.
1387 4643 1451 4718 Est
1472 4659 1506 4716 et
1521 4643 1706 4718 Seboldos
1728 4653 1826 4723 domi
1843 4646 1951 4729 meae.¹

57 4759 224 4829 coelestia
243 4760 336 4827 dona
356 4768 564 4845 conservent
577 4755 616 4824 in
634 4754 755 4838 terris,
781 4755 933 4847 sintque,
955 4767 997 4823 ut
1010 4754 1059 4824 ait
1208 4742 1394 4816 Caeterum
1409 4744 1439 4839 ⁴)
1465 4750 1625 4819 omnium
1647 4753 1814 4838 ordinum
1838 4769 1944 4849 atque
1969 4755 2097 4827 civium

14 4896 18 4902 ·
55 4850 192 4939 Plato,
223 4862 302 4931 τῶν
316 4858 421 4930 θεῶν
437 4851 675 4951 ἑρμηνευταὶ,
705 4867 797 4924 recte
816 4856 1060 4925 existimantur
1107 4848 1353 4918 benevolentia
1377 4872 1458 4938 erga
1481 4851 1689 4923 universum
1713 4869 1875 4927 nostrum
1894 4857 2097 4929 sodalititnn
2210 4928 2213 4945 ,

1141 5036 1170 5104 9)
1189 5034 1235 5088 Me
1248 5037 1360 5104 quriiem
1371 5068 1408 5079 -
1421 5037 1510 5108 tete]
1530 5041 1617 5095 Maul.
1630 5051 1752 5097 untum:
1777 5044 1859 5099 Bene
1870 5006 1942 5101 vole.

94 5131 124 5198 5)
147 5127 194 5185 ste
208 5128 290 5184 codd.
303 5148 354 5202 pro
369 5129 508 5200 dt'ecendi,
538 5127 611 5200 quod
625 5126 713 5181 stant.
727 5134 753 5179 et
768 5126 852 5184 Peuc.
864 5133 982 5180 tuentur.
1073 5168 1077 5174 .
1143 5107 1192 5174 10)
1210 5105 1322 5159 sums·
1337 5106 1552 5163 ‘d‘fflpeussifl
1569 5109 1667 5167 sm·
1683 5132 1743 5186 Ἦ·

94 5215 126 5285 6)
146 5214 218 5269 Cod.
231 5213 304 5286 lips.
317 5230 355 5268 ex
373 5215 451 5268 libris
468 5231 519 5286 pro
534 5215 664 5266 exitibus.
1143 5173 1173 5307 ἐξ
1186 5174 1448 5310 ἴνῖἑᾝξὶἷεῖῑῒ
1461 5176 1612 5233 limatis·

96 5301 128 5372 7)
148 5300 239 5357 Manl.
252 5304 291 5354 od
300 5316 384 5355 usum
397 5303 426 5354 t'tr
437 5317 506 5354 utra.
521 5296 591 5354 coa.
606 5297 672 5353 Ber.
688 5301 728 5353 od
739 5313 820 5355 utum
833 5297 864 5351 in
879 5297 936 5351 vito
950 5303 987 5352 et.
1145 5311 1173 5374 g)
1192 5310 1275 5365 sm,
1293 5311 1426 5367 mendo„
1439 5314 1629 5384 summm-m·

97 5386 128 5451 8)
147 5382 219 5440 cod.
233 5384 302 5440 Ber.
317 5399 351 5435 oc
365 5390 488 5451 tomum.
1144 5378 1173 5450 4)
1192 5378 1275 5433 saus.
1290 5379 1421 5437 mendose
1444 5382 1636 5440 Coeterorum·

1232 5447 1330 5522 61⁴¹
