4522 5760
51 238 132 317 w
209 228 215 237 ²
545 226 548 233 ¹
625 234 1054 317 EPlSTOLARUM
1108 230 1331 316 LIijtl.
1385 236 1515 317 teas.
2008 238 2097 315 aso:

50 410 123 483 No·
138 408 251 486 1260.
294 470 296 475 .
932 419 1020 482 Febr.
1094 405 1420 500 Philosophorum?
1469 411 1510 483 Si
1523 410 1712 485 Catilinam
1727 427 1927 484 moventem
1941 414 2093 486 seditio·
2139 499 2145 505 Ι

59 505 233 538 *⁴⁹⁸⁴
676 586 683 600 ι
1096 534 1178 581 nem
1206 535 1281 581 non
1302 528 1491 584 moverunt
1513 508 1671 607 exempla
1694 528 1767 585 tatn
1789 516 1901 586 multa
1923 517 2093 604 aliorum,-

378 576 490 683 Am.
517 578 720 671 Buremo.
1096 612 1159 707 qui
1176 613 1281 681 ntotis
1296 614 1531 685 seditionibus
1549 617 1586 684 in
1608 617 1816 686 melioribus
1840 618 1953 687 causis
1977 617 2087 708 tragi-

909 513 1046 562 §m

83 750 88 759 '
121 750 258 813 Praelatio
273 756 301 841 iu
316 754 436 813 librum:
460 756 603 841 Enemtio
618 756 722 832 aliquot
735 758 870 816 librorum
883 759 1044 815 Ethicorum
1095 737 1154 782 ⁶⁰⁸
1183 715 1297 834 ‘xlmff
1324 710 1547 836 habufmfllr·
1579 731 1619 788 Ul
1644 713 1910 803 Gfflsssshssfflffl,
1954 718 2086 839 Ῑῖΰίνὶἰ,

68 880 71 885 .
155 826 328 950 admotis,
350 837 423 908 suet.
438 825 720 911 statuturos.
732 830 807 912 ‚pud
821 830 861 886 lo.
876 830 956 900 ctuu
971 828 1046 911 totta.
1095 813 1301 900 Saturnini,
1327 815 1453 886 Maru:
1487 820 1574 912 qurd
1589 842 1718 913 quaeso
1736 821 1830 911 apud
1850 845 1930 889 eum
1945 816 2003 892 luc
2017 844 2091 920 ιιο·ί

156 896 683 1087 ΑῐῑζῃιοῦξὶξιῖΡέξὲξξζόζῑἪξυζ
697 898 835 1023 ἳὲξξζῗ]
854 898 1046 1038 ffitfffdffi
1095 930 1167 989 ster
1187 917 1330 986 libellus
1354 921 1556 1010 proliceret,
1595 921 1779 1040 disputans
1801 923 1972 1042 suaviter,
2010 946 2092 1042 non·

159 1030 202 1090 tt.
217 1032 301 1087 Mart.
336 1036 394 1103 .a.)
1095 1019 1374 1089 conturbandam
1393 1044 1465 1091 esse
1481 1037 1747 1114 proportionem
1764 1037 2009 1112 geometricam
2028 1049 2085 1093 rn-

160 1189 168 1208 ,
214 1189 221 1206 ,
335 1189 342 1207 ‚
505 1189 543 1208 ..
718 1190 726 1209 ‚
1040 1189 1049 1208 ,
1095 1132 1149 1190 ter
1164 1120 1274 1205 cives,
1306 1123 1464 1191 dandum
1488 1126 1624 1194 senatui
1641 1137 1675 1194 et
1691 1125 1897 1195 consulibus
1911 1150 2014 1196 suum
2030 1127 2087 1195 lo·

52 1180 296 1363 01αῷἭὲ
305 1216 360 1361 Ἤ
361 1216 383 1360 ἰ
389 1209 444 1363 :g
444 1185 678 1366 ffiwffl‘rle
686 1216 744 1364 ξιτ
741 1200 894 1366 gumi
885 1199 1045 1392 ‘tamn
1095 1245 1192 1392 pum:
1217 1217 1326 1391 ⁸bsuius
1340 1225 1580 1396 proportionlis
1600 1227 1903 1398 conservatiopaeim
1930 1242 1963 1399 e:
1983 1228 2086 1346 iusti-

958 1347 968 1368 ·
1110 1347 1216 1392 rame
1252 1347 1289 1408 e,
1323 1348 1341 1392 e
1373 1349 1522 1396 nervum
1564 1351 1818 1398 umanaesocre
1871 1352 1938 1397 rsc
2004 1352 2086 1403 acrs.

451 1388 647 1467 Melana*
1096 1422 1219 1512 Quid?
1255 1426 1285 1493 si
1316 1425 1420 1497 etiam
1451 1429 1629 1499 accederet
1655 1430 1823 1499 incurvus
1848 1442 1881 1499 et
1904 1354 2088 1525 smrahidus

50 1513 97 1605 S.
122 1532 169 1609 D.
220 1531 329 1605 Multi
353 1535 482 1602 famam
506 1533 641 1623 ingenii
667 1546 700 1604 et
722 1533 913 1626 sapientiae
929 1532 1040 1602 omni·
1095 1549 1217 1610 senex,
1243 1523 1302 1596 lro
1318 1528 1460 1614 similis,
1488 1554 1527 1599 ac
1546 1530 1584 1598 in
1600 1554 1720 1600 mensa
1740 1546 1800 1602 aut
1816 1533 1948 1622 pariete
1965 1533 2086 1624 dispo-

48 1638 121 1708 bus
141 1637 315 1707 aetatibus
337 1635 594 1727 vituperatione
618 1636 749 1706 artium
770 1635 934 1726 aucupati
952 1646 1045 1718 sunt,
1095 1627 1181 1697 sitos
1201 1628 1327 1698 ordine
1350 1653 1516 1700 numeros
1538 1632 1714 1723 pingeret,
1747 1645 1787 1702 ut
1809 1634 1847 1703 lit
1872 1635 1910 1702 in
1934 1629 2087 1704 scholis?

48 1752 93 1811 ut
114 1730 384 1832 Aristophanes
406 1736 556 1826 exagitat
582 1761 656 1807 non
682 1733 868 1807 Socratem
893 1747 1044 1818 tantum,
1095 1727 1188 1798 Num
1219 1731 1329 1819 magis
1359 1748 1598 1823 expavesceret
1620 1733 1773 1804 Catilina
1805 1736 1998 1827 conspectis
2030 1731 2087 1805 his

50 1840 351 1931 contemplantem
373 1839 506 1922 nubes,
540 1840 724 1909 sedetiam
739 1834 949 1922 Melonem,
982 1836 1043 1931 qui
1095 1830 1235 1916 figurls,
1268 1855 1374 1924 quam
1396 1858 1476 1903 clim
1502 1834 1591 1903 vidit
1613 1837 1768 1905 consulis
1789 1837 2026 1926 Vigilantiam,
2052 1845 2087 1907 el

48 1942 142 2014 anni
168 1940 341 2011 rationem
366 1933 646 2010 Atheniensibus
670 1941 890 2028 emendavit,
922 1963 962 2011 ac
986 1962 1045 2007 ae-
1094 1932 1293 2021 legionibus
1308 1933 1466 2027 quinque
1484 1935 1657 2004 munitam
1674 1935 1831 2022 ltaliam,
1853 1962 2003 2031 quarum
2018 1941 2097 2017 du-‚

49 2059 125 2117 tate
158 2040 419 2135 aliquantulum
452 2041 635 2111 antecessit
660 2036 858 2112 Socratem.
918 2038 1043 2111 Postea
1094 2057 1150 2102 ces
1164 2033 1485 2120 firmisslmicrant,
1509 2051 1543 2107 el
1556 2038 1713 2110 adiuncti
1726 2036 1891 2109 Ciceroni
1904 2040 2065 2110 consuli?
2094 2090 2098 2099 .

49 2170 139 2216 vero
157 2137 344 2213 Arcesilas
362 2155 396 2211 et
411 2142 474 2211 alii
489 2143 593 2211 multi
609 2142 833 2235 impudenter
849 2143 953 2213 etiam
968 2165 1044 2210 ma·
1193 2131 1291 2205 Haec
1315 2149 1351 2206 et
1371 2137 1499 2206 similia
1522 2139 1633 2208 multa
1659 2154 1791 2211 contra·
1804 2137 1897 2212 hanc
1919 2137 2084 2211 Philoso-

48 2243 250 2320 thematum
273 2244 392 2328 initia,
433 2266 523 2336 quae
552 2259 725 2315 vocantur
746 2240 869 2319 necrol
893 2242 1044 2328 ἔννοιαι,
1093 2230 1216 2328 phlam
1232 2238 1276 2306 de
1293 2237 1452 2309 moribus
1472 2262 1573 2331 saepe
1595 2241 1766 2313 dicuntur
1789 2245 1833 2312 ab
1856 2244 1920 2329 iis,
1953 2246 2017 2338 qui
2039 2244 2085 2313 li-

49 2344 263 2421 labdonem
286 2345 402 2430 conati
426 2359 520 2418 sunt.
585 2342 658 2415 Sed
682 2347 796 2418 multo
821 2344 1045 2439 plausibilior
1092 2338 1218 2407 beuter
1238 2339 1357 2407 lrenos
1374 2334 1559 2411 homiuum
1576 2344 1827 2434 cupiditatibus
1844 2345 1974 2419 laxant.
2025 2342 2085 2416 Ad

48 2448 124 2523 tuit
143 2456 282 2541 semper
303 2447 516 2537 vituperatio
536 2441 645 2517 huius
658 2448 770 2540 partis
781 2442 1044 2539 Philosophiae,
1093 2462 1202 2531 quae,
1227 2441 1290 2510 etsi
1306 2463 1410 2521 vera,
1436 2445 1668 2534 respondere,
1702 2446 1807 2516 nobis
1821 2446 2026 2540 praesertim
2044 2448 2084 2514 in

10 2566 13 2573 ’
49 2575 162 2649 quum
188 2562 316 2620 vocant
338 2540 501 2618 Ethicen.
558 2545 661 2618 Hauc
687 2550 783 2618 euim
812 2549 917 2620 multi
946 2571 1043 2619 com.
1092 2536 1250 2611 Ecclesia
1263 2542 1365 2612 facilc
1379 2557 1445 2613 est:
1480 2558 1600 2615 tamen
1621 2547 1659 2614 in
1682 2542 1750 2638 hoc
1767 2561 1973 2638 argumento
1991 2547 2084 2618 mala

48 2652 255 2724 menticiam
268 2668 345 2720 esse
356 2650 534 2734 dixerunt,
560 2662 595 2720 et
609 2672 771 2723 errorum
786 2652 939 2744 plenam,
959 2650 1043 2744 quia
1094 2642 1213 2726 causa,
1239 2656 1274 2713 et
1286 2645 1482 2735 perniciosa
1497 2648 1627 2731 oratio,
1652 2650 1766 2719 multo
1780 2650 2004 2740 plausibilior
2018 2663 2084 2721 est:

48 2754 176 2827 nullae
202 2754 275 2822 s'int
303 2754 348 2821 de
377 2752 537 2820 moribus
564 2751 686 2823 linoae
715 2753 1042 2824 demonstrationes.
1093 2746 1190 2837 quod
1214 2769 1254 2814 eo
1279 2745 1338 2830 fit,
1371 2748 1453 2840 quia
1476 2771 1642 2839 maguum
1667 2750 1854 2821 dissidium
1878 2765 1929 2821 est
1954 2753 1993 2820 in
2018 2746 2110 2846 hos

48 2856 144 2929 Nam
156 2854 187 2924 si
203 2854 288 2948 qu'id
307 2853 392 2923 certi
412 2852 566 2922 inveniri
588 2868 719 2947 potest,
748 2858 845 2926 unde
868 2868 951 2926 sunt
970 2867 1042 2923 tam
1092 2846 1189 2915 mine
1205 2847 1333 2916 mentis
1345 2860 1380 2917 ct
1396 2850 1648 2941 cupiditatum,
1679 2877 1769 2946 quae
1789 2853 1931 2924 vincula
1954 2867 1989 2923 et
2009 2878 2086 2923 car·

48 2954 164 3029 multa
187 2954 333 3026 dissidia
356 2954 554 3023 sectarum?
607 2952 683 3026 Cur
703 2950 817 3026 Plato
843 2963 917 3050 ipse
946 2955 1043 3039 dicit,
1093 2971 1208 3017 cerem
1224 2971 1326 3038 aegre
1341 2951 1544 3040 patiuntur,
1577 2965 1611 3022 et
1630 2955 1758 3024 mentis
1775 2954 2087 3025 iudicioandacis-

862 1319 875 1362 l

49 3058 152 3131 curui
168 3078 347 3127 summum
361 3054 514 3139 bonum,
541 3070 582 3126 ut
597 3057 781 3127 simulacra
799 3060 960 3128 vultuum
976 3080 1043 3125 uo.
1092 3049 1180 3117 sime
1204 3050 1406 3123 reclamant.
1470 3049 1512 3120 ld
1540 3053 1728 3124 dissidium
1758 3058 1854 3124 unde
1880 3070 1998 3126 ortum
2028 3059 2085 3141 sit,
2185 3082 2189 3089 ·

49 3156 207 3233 sumu-um
224 3158 265 3227 iu
278 3158 378 3250 aquis
395 3180 469 3225 non
488 3157 571 3226 satis
586 3180 744 3249 expressa
762 3173 821 3229 aut
838 3160 955 3243 lirma,
981 3158 1041 3227 sed
1094 3174 1168 3218 non
1191 3150 1356 3239 ignorant
1369 3147 1428 3235 hi,
1462 3153 1522 3244 qui
1538 3149 1717 3225 Ecclesiae
1741 3157 1938 3226 doctrinam
1963 3172 1996 3228 et
2019 3182 2096 3227 au·-

47 3261 161 3333 moti‘s
176 3259 278 3354 aquis
296 3257 434 3328 assidue
455 3259 652 3348 fugientia?
700 3256 839 3330 Deinde
864 3260 986 3344 etiam,
1011 3258 1042 3326 si
1092 3252 1260 3324 diverunt
1311 3265 1348 3322 ct
1388 3254 1659 3345 amplectuntur.
1735 3254 1930 3349 Deplorare
1966 3272 2083 3329 autem

49 3375 104 3435 est
119 3363 236 3456 aliqua
251 3360 431 3443 doctrina,
457 3360 542 3452 quid
567 3361 711 3452 prodest
733 3362 843 3446 vitae,
877 3361 1041 3432 cumtere
1093 3353 1372 3441 magnitudinem
1390 3355 1466 3424 eius
1480 3356 1565 3424 mali
1581 3358 1694 3426 bonae
1707 3372 1842 3429 mentes
1861 3360 1993 3439 solent,
2024 3360 2084 3428 in-

48 3486 177 3536 omnes
193 3459 357 3533 homines
374 3462 483 3550 magis
498 3475 644 3530 numme
660 3484 742 3532 suae
758 3463 910 3554 impetu,
935 3486 1041 3555 quum
1091 3467 1230 3524 tuentes
1251 3469 1285 3525 et
1307 3455 1395 3523 iram
1413 3453 1481 3525 Dei
1508 3471 1542 3527 ct
1569 3453 1766 3527 horrendas
1786 3455 1973 3531 hominum
1988 3462 2083 3530 cala-

48 3564 212 3638 doctrina
229 3577 263 3634 et
276 3563 446 3655 sapientia
460 3563 652 3653 regantur?
700 3562 836 3634 Placidi
850 3577 935 3634 suut
952 3562 1041 3633 Lae.
1091 3556 1247 3639 mitates,
1281 3556 1428 3648 quacah
1445 3558 1506 3626 illa
1525 3561 1714 3629 domestica
1737 3562 1914 3631 discordia
1937 3559 2083 3632 naturae

48 3670 142 3753 lius,
174 3664 313 3737 Atticus
329 3678 363 3734 et
377 3666 525 3746 similes,
557 3665 639 3757 quia
665 3666 784 3734 minus
805 3662 1041 3735 habeuthilis
1091 3652 1248 3726 hominis
1269 3658 1444 3730 oriuntur.
1495 3656 1567 3729 Nec
1589 3661 1699 3730 ullius
1724 3676 1818 3731 tanta
1843 3677 1894 3733 est
1914 3665 2083 3756 eloquen-

48 3772 214 3859 3dmga⁰3
254 3765 384 3850 'sm-vi,
416 3767 589 3851 immites,
620 3767 772 3858 inquieti
794 3764 924 3852 Cleon,
953 3764 1040 3838 Catu
1092 3759 1161 3842 tia,
1193 3772 1232 3828 nt
1254 3753 1350 3828 hunc
1371 3760 1529 3829 dolorem
1552 3763 1711 3832 oratione
1735 3759 1921 3834 exhaurire
1943 3778 1977 3833 ct
2000 3766 2096 3835 satis·

49 3886 85 3942 et
98 3870 175 3955 alii,
188 3869 271 3963 qula
289 3869 473 3938 abundant
488 3882 521 3936 et
537 3881 610 3936 atra
627 3881 661 3937 et
676 3870 797 3937 adusta
812 3869 895 3943 hile,
922 3867 1042 3939 Pisca.
1092 3861 1286 3950 exprimere
1302 3860 1422 3951 possit.
1471 3858 1983 3956 Lachrymansigiturlateor,
2017 3891 2097 3936 nec»

48 3962 411 4064 turapud'Plaotum
428 3969 610 4061 queritur,
644 3992 717 4038 non
740 3970 833 4039 flecti
853 3966 1040 4041 homiuum
1092 3956 1146 4029 his
1167 3961 1405 4031 blandissimis
1428 3962 1727 4054 disputationibus
1743 3962 1906 4052 Ethices,
1937 3991 2002 4038 nec
2026 3992 2094 4038 se-·

48 4096 167 4145 mores
184 4074 229 4143 ad
245 4073 411 4141 virtutem
428 4071 532 4139 bonis
546 4070 748 4156 sententiis,
781 4090 869 4164 quae
886 4073 924 4141 in
938 4095 1040 4142 scena
1091 4086 1172 4131 vera
1195 4063 1313 4151 legum
1332 4087 1436 4146 voce,
1461 4087 1526 4133 nec
1543 4067 1713 4136 atrocium
1731 4069 1986 4158 suppliciorum
2003 4093 2082 4160 spe·
2170 4120 2175 4130 ·

48 4175 262 4258 recitantur,
285 4173 467 4265 inquiens:
1017 4212 1020 4219 -
1091 4163 1253 4248 ctaculis,
1285 4178 1442 4234 errantes
1464 4165 1671 4256 cupiditates
1695 4192 1832 4259 semper
1856 4171 1949 4240 intra
1973 4186 2082 4241 metas

94 4298 342 4383 „specuum
360 4296 495 4377 pridem,
514 4294 814 4362 comtggsadjggum
827 4303 947 4365 modum
1091 4261 1234 4339 retrahi.
1287 4263 1386 4382 Quid
1402 4265 1535 4383 igitur?
1583 4264 1694 4338 Estne
1717 4271 1879 4341 doctrina
1900 4296 2082 4341 commen-

94 4434 116 4467 „
123 4384 288 4464 Sapienter
303 4382 385 4445 diota
400 4382 515 4461 dicere,
537 4392 627 4464 utque
643 4382 684 4445 iis
701 4382 850 4466 plautius,
1090 4366 1196 4436 ticia?
1245 4365 1386 4438 Deinde
1401 4391 1432 4435 sr
1447 4392 1514 4460 qua
1532 4382 1584 4439 est
1600 4393 1682 4439 vera
1700 4373 1878 4455 doctrina,
1912 4387 2010 4442 estne
2023 4374 2082 4441 in-

78 4469 290 4552 „‚,.Cum·illos
306 4467 576 4567 sopientesmorss
588 4466 939 4550 monstrabantpopulo.
1091 4467 1212 4540 utilis?
1262 4464 1339 4537 Imo
1359 4469 1571 4539 contumelia
1594 4485 1646 4540 est
1665 4474 1834 4544 adversus
1854 4470 1991 4559 Deum,
2024 4475 2082 4544 lu-

92 4556 184 4638 „Sed
198 4554 351 4654 ‘flmlnlft
365 4572 452 4617 ΒΜ
466 4574 592 4655 quisque
606 4555 817 4654 {lffll‘lltffll
831 4559 965 4636 ¹¹⁰m¹¹¹¹r
1090 4593 1184 4654 cem,
1219 4568 1477 4640 discernentem
1511 4564 1658 4642 honesta
1690 4588 1724 4644 et
1758 4575 1895 4665 turpia,
1929 4576 2081 4645 inditam

91 4640 232 4721 ‘’mnu‘’
248 4648 313 4703 ml
331 4639 386 4703 ¹¹¹⁰
403 4650 507 4720 Μὴ
526 4649 558 4701 '¹⁸
573 4640 619 4702 ¹¹¹¹
633 4641 820 4708 ¹³⁵³⁰¹⁸¹¹¹'”
1089 4671 1267 4742 mentibus
1284 4672 1414 4742 nostris
1428 4672 1619 4759 divinitus,
1651 4697 1712 4744 seu
1728 4677 1902 4768 principia
1919 4677 2082 4768 practica,

38 4770 90 4845 -si
106 4794 182 4840 non
195 4780 339 4837 movent
356 4765 588 4835 animosillae
608 4766 775 4836 mirilicae
797 4769 965 4859 imagines
985 4770 1040 4838 vi-
1090 4784 1124 4842 et
1140 4774 1457 4845 demonstrationes
1470 4775 1640 4865 practicas
1659 4777 1750 4847 velle
1773 4778 1909 4862 delere,
1943 4779 2081 4848 sublata

47 4878 130 4957 tae,
155 4884 346 4964 quactum
371 4867 410 4934 in
427 4864 648 4951 Comoediis,
678 4882 753 4938 tum
776 4871 814 4939 in
832 4868 1040 4961 Tragoediis
1090 4874 1311 4948 certitudine.
1361 4872 1444 4945 Non
1466 4877 1561 4945 dicas
1582 4877 1709 4946 falsum
1729 4879 1990 4965 testimonium,
2022 4881 2080 4949 in-

47 4985 318 5066 proponentem
347 4969 420 5037 imo
443 4968 474 5035 si
489 4991 564 5037 non
582 4970 723 5038 frenant
738 4964 924 5041 hominum
938 4974 1039 5042 luro-
1089 4973 1167 5068 quit
1182 5000 1250 5044 vox
1266 4976 1400 5049 divina.
1451 4977 1534 5047 Non
1548 4978 1763 5050 delectemur
1785 4982 1996 5072 corruptelis
2017 5006 2079 5051 ve-

48 5099 104 5147 res
119 5073 359 5145 atrocissimae
378 5070 495 5159 legum
514 5070 739 5159 publicarum
759 5072 933 5141 minae-et
954 5095 1040 5164 sup-
1088 5076 1219 5161 ritatis,
1250 5101 1316 5145 nec
1331 5102 1539 5169 quaeramus
1556 5081 1760 5170 praestigias
1776 5082 1820 5149 ad
1840 5104 1917 5150 eam
1933 5083 2080 5152 eludan-

47 5177 173 5269 plicia,
198 5187 233 5244 et
250 5174 410 5262 ingentes
426 5194 634 5254 aerumnae,
668 5194 758 5263 quae
778 5171 907 5242 scelera
930 5174 1039 5261 fatali,
1089 5179 1182 5250 dam.
1218 5174 1284 5248 Est
1299 5170 1446 5249 omnino
1462 5204 1544 5250 vera
1562 5182 1681 5275 aliqua
1696 5182 1857 5252 doctrina
1873 5197 1908 5253 et
1923 5197 2016 5254 certa
2035 5187 2080 5254 de

46 5274 116 5349 hoc
144 5290 214 5360 est,
253 5287 346 5345 certa
376 5285 411 5341 et
433 5273 554 5341 divina
580 5272 656 5360 lege
682 5274 911 5344 comitantur:
950 5275 1037 5369 quid
1088 5279 1266 5363 moribus,
1297 5292 1470 5350 exstructa
1491 5306 1533 5352 ex
1559 5282 1620 5352 illa
1644 5284 1741 5367 lucc,
1775 5283 1949 5355 divinitus
1973 5284 2079 5357 insita

44 5378 256 5473 proficerent
286 5371 352 5447 hae
382 5374 503 5445 dulces
533 5386 569 5445 ct
592 5388 759 5445 venustae
782 5376 1039 5469 disputationes
1089 5374 1256 5451 humanis
1277 5382 1473 5470 mentibus,
1511 5404 1573 5454 seu
1599 5384 1798 5477 exlegibus
1820 5399 1979 5459 naturae.
2029 5385 2079 5459 Ut
