<?xml version="1.0" encoding="UTF-8"?>
<!DOCTYPE html PUBLIC "-//W3C//DTD XHTML 1.0 Transitional//EN"
    "http://www.w3.org/TR/xhtml1/DTD/xhtml1-transitional.dtd">
<html xmlns="http://www.w3.org/1999/xhtml" xml:lang="en" lang="en">
 <head>
  <title>
</title>
<meta http-equiv="Content-Type" content="text/html;charset=utf-8" />
  <meta name='ocr-system' content='tesseract 3.04.00' />
  <meta name='ocr-capabilities' content='ocr_page ocr_carea ocr_par ocr_line ocrx_word'/>
</head>
<body>
  <div class='ocr_page' id='page_1' title='image "./corpusreformato00melagoog/corpusreformato00melagoog_0142.png"; bbox 0 0 4522 5760; ppageno 0'>
   <div class='ocr_carea' id='block_1_1' title="bbox 152 340 1021 449">
    <p class='ocr_par' dir='ltr' id='par_1_1' title="bbox 152 340 1021 449">
     <span class='ocr_line' id='line_1_1' title="bbox 152 340 1021 449; baseline -0.008 -20"><span class='ocrx_word' id='word_1_1' title='bbox 152 340 742 445; x_wconf 65' lang='lat' dir='ltr'><strong>-toaetstmottammrto</strong></span> <span class='ocrx_word' id='word_1_2' title='bbox 777 352 1021 449; x_wconf 73' lang='lat' dir='ltr'><strong>Nuribergae,</strong></span> 
     </span>
    </p>
   </div>
   <div class='ocr_carea' id='block_1_2' title="bbox 103 486 1155 599">
    <p class='ocr_par' dir='ltr' id='par_1_2' title="bbox 103 486 1155 599">
     <span class='ocr_line' id='line_1_2' title="bbox 103 486 1155 599; baseline -0.014 -18"><span class='ocrx_word' id='word_1_3' title='bbox 103 486 148 581; x_wconf 82' lang='lat' dir='ltr'><strong>S·</strong></span> <span class='ocrx_word' id='word_1_4' title='bbox 168 504 217 579; x_wconf 84' lang='lat' dir='ltr'><strong>D.</strong></span> <span class='ocrx_word' id='word_1_5' title='bbox 268 504 475 579; x_wconf 82' lang='lat' dir='ltr'><strong>Adversarii</strong></span> <span class='ocrx_word' id='word_1_6' title='bbox 494 510 656 578; x_wconf 92' lang='lat' dir='ltr'><strong>nondum</strong></span> <span class='ocrx_word' id='word_1_7' title='bbox 671 507 941 599; x_wconf 88' lang='lat' dir='ltr'><strong>responderunt,</strong></span> <span class='ocrx_word' id='word_1_8' title='bbox 959 502 1020 570; x_wconf 91' lang='lat' dir='ltr'><strong>sed</strong></span> <span class='ocrx_word' id='word_1_9' title='bbox 1038 498 1097 567; x_wconf 90' lang='lat' dir='ltr'><strong>in·</strong></span> <span class='ocrx_word' id='word_1_10' title='bbox 1146 556 1155 577; x_wconf 78' lang='grc'><strong><em>,</em></strong></span> 
     </span>
    </p>
   </div>
   <div class='ocr_carea' id='block_1_3' title="bbox 77 601 1102 3013">
    <p class='ocr_par' dir='ltr' id='par_1_3' title="bbox 77 601 1101 2625">
     <span class='ocr_line' id='line_1_3' title="bbox 103 601 1096 699; baseline -0.013 -18"><span class='ocrx_word' id='word_1_11' title='bbox 103 608 224 699; x_wconf 85' lang='lat' dir='ltr'><strong>telligo</strong></span> <span class='ocrx_word' id='word_1_12' title='bbox 238 609 518 679; x_wconf 78' lang='lat' dir='ltr'><strong>confutationem</strong></span> <span class='ocrx_word' id='word_1_13' title='bbox 535 611 605 679; x_wconf 92' lang='lat' dir='ltr'><strong>iam</strong></span> <span class='ocrx_word' id='word_1_14' title='bbox 622 632 696 678; x_wconf 88' lang='lat' dir='ltr'><strong>esse</strong></span> <span class='ocrx_word' id='word_1_15' title='bbox 710 609 927 689; x_wconf 80' lang='lat' dir='ltr'><strong>absolutam,</strong></span> <span class='ocrx_word' id='word_1_16' title='bbox 953 618 987 674; x_wconf 86' lang='lat' dir='ltr'><strong>et</strong></span> <span class='ocrx_word' id='word_1_17' title='bbox 1002 601 1096 670; x_wconf 91' lang='lat' dir='ltr'><strong>intra</strong></span> 
     </span>
     <span class='ocr_line' id='line_1_4' title="bbox 103 702 1096 804; baseline -0.014 -21"><span class='ocrx_word' id='word_1_18' title='bbox 103 710 257 783; x_wconf 83' lang='lat' dir='ltr'>biduum</span> <span class='ocrx_word' id='word_1_19' title='bbox 281 723 342 780; x_wconf 89' lang='lat' dir='ltr'><strong>aut</strong></span> <span class='ocrx_word' id='word_1_20' title='bbox 361 711 522 782; x_wconf 89' lang='lat' dir='ltr'><strong>triduum</strong></span> <span class='ocrx_word' id='word_1_21' title='bbox 543 711 778 804; x_wconf 89' lang='lat' dir='ltr'><strong>prodituram.</strong></span> <span class='ocrx_word' id='word_1_22' title='bbox 835 704 950 778; x_wconf 82' lang='lat' dir='ltr'>Aiunt</span> <span class='ocrx_word' id='word_1_23' title='bbox 970 702 1096 775; x_wconf 88' lang='lat' dir='ltr'><strong>Caesa-</strong></span> 
     </span>
     <span class='ocr_line' id='line_1_5' title="bbox 102 802 1097 903; baseline -0.013 -18"><span class='ocrx_word' id='word_1_24' title='bbox 102 822 177 885; x_wconf 79' lang='lat' dir='ltr'><strong>&#39;rem</strong></span> <span class='ocrx_word' id='word_1_25' title='bbox 201 811 478 903; x_wconf 87' lang='lat' dir='ltr'><strong>imperaturum,</strong></span> <span class='ocrx_word' id='word_1_26' title='bbox 514 826 555 883; x_wconf 87' lang='lat' dir='ltr'><strong>ut</strong></span> <span class='ocrx_word' id='word_1_27' title='bbox 579 813 699 882; x_wconf 89' lang='lat' dir='ltr'><strong>omnia</strong></span> <span class='ocrx_word' id='word_1_28' title='bbox 720 812 761 881; x_wconf 89' lang='lat' dir='ltr'><strong>in</strong></span> <span class='ocrx_word' id='word_1_29' title='bbox 784 809 976 902; x_wconf 88' lang='lat' dir='ltr'><strong>pristinum</strong></span> <span class='ocrx_word' id='word_1_30' title='bbox 992 802 1097 874; x_wconf 89' lang='lat' dir='ltr'><strong>resti-</strong></span> 
     </span>
     <span class='ocr_line' id='line_1_6' title="bbox 103 906 1098 999; baseline -0.016 -12"><span class='ocrx_word' id='word_1_31' title='bbox 103 927 270 999; x_wconf 79' lang='lat' dir='ltr'><strong>tuantur,</strong></span> <span class='ocrx_word' id='word_1_32' title='bbox 298 914 412 983; x_wconf 89' lang='lat' dir='ltr'><strong>donee</strong></span> <span class='ocrx_word' id='word_1_33' title='bbox 429 910 493 983; x_wconf 90' lang='lat' dir='ltr'><strong>has</strong></span> <span class='ocrx_word' id='word_1_34' title='bbox 507 913 763 985; x_wconf 88' lang='lat' dir='ltr'><strong>controversias</strong></span> <span class='ocrx_word' id='word_1_35' title='bbox 778 910 988 981; x_wconf 89' lang='lat' dir='ltr'><strong>iudicaverit</strong></span> <span class='ocrx_word' id='word_1_36' title='bbox 1002 906 1098 999; x_wconf 88' lang='lat' dir='ltr'><strong>Syn-</strong></span> 
     </span>
     <span class='ocr_line' id='line_1_7' title="bbox 104 1006 1096 1095; baseline -0.014 -8"><span class='ocrx_word' id='word_1_37' title='bbox 104 1016 207 1089; x_wconf 83' lang='lat' dir='ltr'><strong>odos.</strong></span> <span class='ocrx_word' id='word_1_38' title='bbox 265 1010 363 1084; x_wconf 84' lang='lat' dir='ltr'><strong>llaec</strong></span> <span class='ocrx_word' id='word_1_39' title='bbox 385 1016 517 1086; x_wconf 88' lang='lat' dir='ltr'><strong>dieitur</strong></span> <span class='ocrx_word' id='word_1_40' title='bbox 540 1038 615 1085; x_wconf 89' lang='lat' dir='ltr'><strong>esse</strong></span> <span class='ocrx_word' id='word_1_41' title='bbox 636 1014 776 1085; x_wconf 91' lang='lat' dir='ltr'><strong>consilii</strong></span> <span class='ocrx_word' id='word_1_42' title='bbox 792 1036 939 1082; x_wconf 91' lang='lat' dir='ltr'><strong>summa.</strong></span> <span class='ocrx_word' id='word_1_43' title='bbox 988 1006 1096 1095; x_wconf 90' lang='lat' dir='ltr'><strong>Quod</strong></span> 
     </span>
     <span class='ocr_line' id='line_1_8' title="bbox 104 1107 1097 1209; baseline -0.012 -22"><span class='ocrx_word' id='word_1_44' title='bbox 104 1116 175 1187; x_wconf 85' lang='lat' dir='ltr'><strong>uisi</strong></span> <span class='ocrx_word' id='word_1_45' title='bbox 188 1112 413 1205; x_wconf 75' lang='lat' dir='ltr'><strong>mitigabitur</strong></span> <span class='ocrx_word' id='word_1_46' title='bbox 431 1112 517 1188; x_wconf 89' lang='lat' dir='ltr'><strong>baec</strong></span> <span class='ocrx_word' id='word_1_47' title='bbox 531 1117 722 1202; x_wconf 88' lang='lat' dir='ltr'><strong>sententia,</strong></span> <span class='ocrx_word' id='word_1_48' title='bbox 755 1138 844 1209; x_wconf 88' lang='lat' dir='ltr'><strong>quos</strong></span> <span class='ocrx_word' id='word_1_49' title='bbox 867 1125 986 1182; x_wconf 90' lang='lat' dir='ltr'><strong>motus</strong></span> <span class='ocrx_word' id='word_1_50' title='bbox 1005 1107 1097 1178; x_wconf 77' lang='lat' dir='ltr'><strong>exci-</strong></span> 
     </span>
     <span class='ocr_line' id='line_1_9' title="bbox 105 1204 1096 1311; baseline -0.011 -22"><span class='ocrx_word' id='word_1_51' title='bbox 105 1232 221 1289; x_wconf 82' lang='lat' dir='ltr'><strong>tatura</strong></span> <span class='ocrx_word' id='word_1_52' title='bbox 237 1216 303 1301; x_wconf 90' lang='lat' dir='ltr'><strong>sit,</strong></span> <span class='ocrx_word' id='word_1_53' title='bbox 328 1218 429 1287; x_wconf 79' lang='lat' dir='ltr'><strong>facilc</strong></span> <span class='ocrx_word' id='word_1_54' title='bbox 451 1233 551 1311; x_wconf 90' lang='lat' dir='ltr'><strong>potes</strong></span> <span class='ocrx_word' id='word_1_55' title='bbox 574 1218 783 1290; x_wconf 79' lang='lat' dir='ltr'><strong>existimare.</strong></span> <span class='ocrx_word' id='word_1_56' title='bbox 817 1211 949 1308; x_wconf 75' lang='grc' dir='ltr'><strong><em>ὅπηὸς</em></strong></span> <span class='ocrx_word' id='word_1_57' title='bbox 969 1204 1096 1303; x_wconf 77' lang='grc' dir='ltr'><strong><em>ἡμετέ-</em></strong></span> 
     </span>
     <span class='ocr_line' id='line_1_10' title="bbox 77 1310 1098 1416; baseline -0.013 -24"><span class='ocrx_word' id='word_1_58' title='bbox 77 1358 86 1365; x_wconf 92' lang='grc'><strong>-</strong></span> <span class='ocrx_word' id='word_1_59' title='bbox 105 1342 174 1414; x_wconf 81' lang='lat' dir='ltr'><strong>pou</strong></span> <span class='ocrx_word' id='word_1_60' title='bbox 198 1310 383 1416; x_wconf 73' lang='grc' dir='ltr'><strong>ἡγεμόνος</strong></span> <span class='ocrx_word' id='word_1_61' title='bbox 396 1314 502 1390; x_wconf 90' lang='lat' dir='ltr'><strong>huius</strong></span> <span class='ocrx_word' id='word_1_62' title='bbox 518 1321 645 1390; x_wconf 88' lang='lat' dir='ltr'><strong>atrocis</strong></span> <span class='ocrx_word' id='word_1_63' title='bbox 662 1319 855 1388; x_wconf 83' lang='lat' dir='ltr'><strong>sententiae</strong></span> <span class='ocrx_word' id='word_1_64' title='bbox 877 1330 1001 1386; x_wconf 77' lang='lat' dir='ltr'><strong>auctor</strong></span> <span class='ocrx_word' id='word_1_65' title='bbox 1024 1334 1098 1379; x_wconf 88' lang='lat' dir='ltr'><strong>esse</strong></span> 
     </span>
     <span class='ocr_line' id='line_1_11' title="bbox 104 1413 1095 1512; baseline -0.013 -21"><span class='ocrx_word' id='word_1_66' title='bbox 104 1420 236 1503; x_wconf 74' lang='lat' dir='ltr'><strong>tumr,</strong></span> <span class='ocrx_word' id='word_1_67' title='bbox 264 1420 327 1512; x_wconf 90' lang='lat' dir='ltr'><strong>qui</strong></span> <span class='ocrx_word' id='word_1_68' title='bbox 349 1420 380 1491; x_wconf 90' lang='lat' dir='ltr'><strong>si</strong></span> <span class='ocrx_word' id='word_1_69' title='bbox 395 1423 581 1511; x_wconf 89' lang='lat' dir='ltr'><strong>paululum</strong></span> <span class='ocrx_word' id='word_1_70' title='bbox 595 1422 788 1492; x_wconf 89' lang='lat' dir='ltr'><strong>remitteret</strong></span> <span class='ocrx_word' id='word_1_71' title='bbox 804 1421 848 1489; x_wconf 92' lang='lat' dir='ltr'><strong>de</strong></span> <span class='ocrx_word' id='word_1_72' title='bbox 864 1441 925 1488; x_wconf 90' lang='lat' dir='ltr'><strong>sua</strong></span> <span class='ocrx_word' id='word_1_73' title='bbox 939 1413 1095 1507; x_wconf 87' lang='lat' dir='ltr'><strong>pertina-</strong></span> 
     </span>
     <span class='ocr_line' id='line_1_12' title="bbox 105 1513 1097 1615; baseline -0.01 -24"><span class='ocrx_word' id='word_1_74' title='bbox 105 1520 178 1607; x_wconf 89' lang='lat' dir='ltr'><strong>cia,</strong></span> <span class='ocrx_word' id='word_1_75' title='bbox 211 1544 320 1615; x_wconf 87' lang='lat' dir='ltr'><strong>quam</strong></span> <span class='ocrx_word' id='word_1_76' title='bbox 336 1522 403 1591; x_wconf 88' lang='lat' dir='ltr'><strong>scis</strong></span> <span class='ocrx_word' id='word_1_77' title='bbox 419 1548 499 1593; x_wconf 89' lang='lat' dir='ltr'><strong>eom</strong></span> <span class='ocrx_word' id='word_1_78' title='bbox 515 1518 645 1593; x_wconf 84' lang='lat' dir='ltr'><strong>babere</strong></span> <span class='ocrx_word' id='word_1_79' title='bbox 661 1523 764 1613; x_wconf 90' lang='lat' dir='ltr'><strong>plane</strong></span> <span class='ocrx_word' id='word_1_80' title='bbox 778 1522 946 1601; x_wconf 81' lang='lat' dir='ltr'><strong>ferream,</strong></span> <span class='ocrx_word' id='word_1_81' title='bbox 977 1513 1097 1585; x_wconf 88' lang='lat' dir='ltr'><strong>omnia</strong></span> 
     </span>
     <span class='ocr_line' id='line_1_13' title="bbox 105 1606 1096 1713; baseline -0.009 -20"><span class='ocrx_word' id='word_1_82' title='bbox 105 1616 165 1693; x_wconf 88' lang='lat' dir='ltr'><strong>hic</strong></span> <span class='ocrx_word' id='word_1_83' title='bbox 189 1634 308 1691; x_wconf 75' lang='lat' dir='ltr'><strong>essem</strong></span> <span class='ocrx_word' id='word_1_84' title='bbox 329 1624 500 1697; x_wconf 78' lang='lat' dir='ltr'><strong>faciliora.</strong></span> <span class='ocrx_word' id='word_1_85' title='bbox 557 1623 676 1694; x_wconf 88' lang='lat' dir='ltr'><strong>Habes</strong></span> <span class='ocrx_word' id='word_1_86' title='bbox 698 1616 822 1696; x_wconf 76' lang='grc' dir='ltr'><strong><em>πάντα</em></strong></span> <span class='ocrx_word' id='word_1_87' title='bbox 838 1615 920 1713; x_wconf 76' lang='grc' dir='ltr'><strong>περὶ</strong></span> <span class='ocrx_word' id='word_1_88' title='bbox 932 1606 1096 1689; x_wconf 75' lang='grc' dir='ltr'><strong>πάντων.</strong></span> 
     </span>
     <span class='ocr_line' id='line_1_14' title="bbox 104 1714 1098 1841; baseline -0.012 -46"><span class='ocrx_word' id='word_1_89' title='bbox 104 1714 243 1841; x_wconf 81' lang='lat' dir='ltr'><strong>Cupito</strong></span> <span class='ocrx_word' id='word_1_90' title='bbox 257 1746 300 1791; x_wconf 80' lang='lat' dir='ltr'><strong>ex</strong></span> <span class='ocrx_word' id='word_1_91' title='bbox 314 1721 510 1815; x_wconf 82' lang='lat' dir='ltr'><strong>Argentina</strong></span> <span class='ocrx_word' id='word_1_92' title='bbox 525 1728 632 1809; x_wconf 91' lang='lat' dir='ltr'><strong>adest,</strong></span> <span class='ocrx_word' id='word_1_93' title='bbox 657 1726 718 1793; x_wconf 89' lang='lat' dir='ltr'><strong>sed</strong></span> <span class='ocrx_word' id='word_1_94' title='bbox 733 1725 827 1807; x_wconf 91' lang='lat' dir='ltr'><strong>latet,</strong></span> <span class='ocrx_word' id='word_1_95' title='bbox 852 1747 892 1792; x_wconf 91' lang='lat' dir='ltr'><strong>ae</strong></span> <span class='ocrx_word' id='word_1_96' title='bbox 906 1741 1021 1811; x_wconf 87' lang='lat' dir='ltr'><strong>nuper</strong></span> <span class='ocrx_word' id='word_1_97' title='bbox 1036 1718 1098 1807; x_wconf 80' lang='lat' dir='ltr'><strong>pe&#39;-</strong></span> 
     </span>
     <span class='ocr_line' id='line_1_15' title="bbox 82 1810 1098 1918; baseline -0.011 -23"><span class='ocrx_word' id='word_1_98' title='bbox 82 1864 89 1875; x_wconf 95' lang='lat'><strong>·</strong></span> <span class='ocrx_word' id='word_1_99' title='bbox 106 1825 190 1895; x_wconf 84' lang='lat' dir='ltr'><strong>tivrt</strong></span> <span class='ocrx_word' id='word_1_100' title='bbox 204 1850 225 1892; x_wconf 94' lang='lat' dir='ltr'><strong>a</strong></span> <span class='ocrx_word' id='word_1_101' title='bbox 239 1818 466 1918; x_wconf 78' lang='lat' dir='ltr'><strong>Mogontino</strong></span> <span class='ocrx_word' id='word_1_102' title='bbox 481 1850 517 1896; x_wconf 91' lang='lat' dir='ltr'><strong>se</strong></span> <span class='ocrx_word' id='word_1_103' title='bbox 533 1828 671 1896; x_wconf 88' lang='lat' dir='ltr'><strong>admitti</strong></span> <span class='ocrx_word' id='word_1_104' title='bbox 687 1827 725 1894; x_wconf 93' lang='lat' dir='ltr'><strong>in</strong></span> <span class='ocrx_word' id='word_1_105' title='bbox 740 1822 969 1918; x_wconf 85' lang='lat' dir='ltr'><strong>colloquium.</strong></span> <span class='ocrx_word' id='word_1_106' title='bbox 1002 1810 1060 1886; x_wconf 88' lang='lat' dir='ltr'><strong>M</strong></span> <span class='ocrx_word' id='word_1_107' title='bbox 1057 1839 1098 1884; x_wconf 93' lang='lat' dir='ltr'><strong>o·</strong></span> 
     </span>
     <span class='ocr_line' id='line_1_16' title="bbox 102 1919 1098 2021; baseline -0.011 -26"><span class='ocrx_word' id='word_1_108' title='bbox 102 1923 307 2021; x_wconf 76' lang='lat' dir='ltr'><strong>guntinus,</strong></span> <span class='ocrx_word' id='word_1_109' title='bbox 347 1952 427 1997; x_wconf 92' lang='lat' dir='ltr'><strong>cnm</strong></span> <span class='ocrx_word' id='word_1_110' title='bbox 461 1929 638 2000; x_wconf 83' lang='lat' dir='ltr'><strong>diceretur</strong></span> <span class='ocrx_word' id='word_1_111' title='bbox 671 1942 794 2011; x_wconf 89' lang='lat' dir='ltr'><strong>contra</strong></span> <span class='ocrx_word' id='word_1_112' title='bbox 820 1948 888 1996; x_wconf 94' lang='lat' dir='ltr'><strong>nos</strong></span> <span class='ocrx_word' id='word_1_113' title='bbox 911 1919 1098 2002; x_wconf 88' lang='lat' dir='ltr'><strong>sententia,</strong></span> 
     </span>
     <span class='ocr_line' id='line_1_17' title="bbox 105 2019 1100 2121; baseline -0.01 -25"><span class='ocrx_word' id='word_1_114' title='bbox 105 2051 216 2121; x_wconf 80' lang='lat' dir='ltr'><strong>qoam</strong></span> <span class='ocrx_word' id='word_1_115' title='bbox 236 2049 341 2116; x_wconf 85' lang='lat' dir='ltr'><strong>snpra</strong></span> <span class='ocrx_word' id='word_1_116' title='bbox 360 2030 567 2121; x_wconf 87' lang='lat' dir='ltr'><strong>perscripsi,</strong></span> <span class='ocrx_word' id='word_1_117' title='bbox 588 2029 706 2099; x_wconf 93' lang='lat' dir='ltr'><strong>noluit</strong></span> <span class='ocrx_word' id='word_1_118' title='bbox 722 2028 901 2110; x_wconf 90' lang='lat' dir='ltr'><strong>interesse,</strong></span> <span class='ocrx_word' id='word_1_119' title='bbox 928 2023 1010 2117; x_wconf 92' lang='lat' dir='ltr'><strong>quia</strong></span> <span class='ocrx_word' id='word_1_120' title='bbox 1024 2019 1100 2108; x_wconf 94' lang='lat' dir='ltr'><strong>pri-</strong></span> 
     </span>
     <span class='ocr_line' id='line_1_18' title="bbox 105 2123 1098 2222; baseline -0.011 -24"><span class='ocrx_word' id='word_1_121' title='bbox 105 2124 164 2198; x_wconf 90' lang='lat' dir='ltr'><strong>die</strong></span> <span class='ocrx_word' id='word_1_122' title='bbox 185 2126 357 2198; x_wconf 86' lang='lat' dir='ltr'><strong>acerrime</strong></span> <span class='ocrx_word' id='word_1_123' title='bbox 377 2154 556 2222; x_wconf 87' lang='lat' dir='ltr'><strong>pugnans,</strong></span> <span class='ocrx_word' id='word_1_124' title='bbox 590 2155 664 2200; x_wconf 93' lang='lat' dir='ltr'><strong>non</strong></span> <span class='ocrx_word' id='word_1_125' title='bbox 687 2143 824 2222; x_wconf 91' lang='lat' dir='ltr'><strong>poterat</strong></span> <span class='ocrx_word' id='word_1_126' title='bbox 842 2129 980 2220; x_wconf 89' lang='lat' dir='ltr'><strong>placare</strong></span> <span class='ocrx_word' id='word_1_127' title='bbox 996 2123 1098 2190; x_wconf 91' lang='lat' dir='ltr'><strong>illum</strong></span> 
     </span>
     <span class='ocr_line' id='line_1_19' title="bbox 106 2221 1100 2327; baseline -0.014 -25"><span class='ocrx_word' id='word_1_128' title='bbox 106 2223 207 2323; x_wconf 76' lang='grc' dir='ltr'><strong>πηὸν</strong></span> <span class='ocrx_word' id='word_1_129' title='bbox 220 2232 291 2299; x_wconf 87' lang='grc' dir='ltr'><strong>τοῦ</strong></span> <span class='ocrx_word' id='word_1_130' title='bbox 305 2224 484 2327; x_wconf 77' lang='grc' dir='ltr'><em>ἡμετέρου</em></span> <span class='ocrx_word' id='word_1_131' title='bbox 501 2225 551 2326; x_wconf 77' lang='lat'><strong>*).</strong></span> <span class='ocrx_word' id='word_1_132' title='bbox 591 2231 644 2302; x_wconf 86' lang='lat' dir='ltr'><strong>Ac</strong></span> <span class='ocrx_word' id='word_1_133' title='bbox 659 2234 819 2300; x_wconf 89' lang='lat' dir='ltr'><strong>doctores</strong></span> <span class='ocrx_word' id='word_1_134' title='bbox 835 2224 1022 2311; x_wconf 74' lang='lat' dir='ltr'><strong>l&#39;heologi,</strong></span> <span class='ocrx_word' id='word_1_135' title='bbox 1037 2221 1100 2315; x_wconf 91' lang='lat' dir='ltr'><strong>qui</strong></span> 
     </span>
     <span class='ocr_line' id='line_1_20' title="bbox 105 2329 1101 2423; baseline -0.011 -22"><span class='ocrx_word' id='word_1_136' title='bbox 105 2342 193 2401; x_wconf 82' lang='lat' dir='ltr'><strong>suot</strong></span> <span class='ocrx_word' id='word_1_137' title='bbox 207 2330 249 2399; x_wconf 89' lang='lat' dir='ltr'><strong>in</strong></span> <span class='ocrx_word' id='word_1_138' title='bbox 262 2332 343 2401; x_wconf 89' lang='lat' dir='ltr'><strong>aula</strong></span> <span class='ocrx_word' id='word_1_139' title='bbox 360 2332 593 2423; x_wconf 86' lang='lat' dir='ltr'><strong>Mogontina,</strong></span> <span class='ocrx_word' id='word_1_140' title='bbox 627 2333 671 2402; x_wconf 91' lang='lat' dir='ltr'><strong>ab</strong></span> <span class='ocrx_word' id='word_1_141' title='bbox 686 2329 794 2401; x_wconf 84' lang='lat' dir='ltr'><strong>Eccio</strong></span> <span class='ocrx_word' id='word_1_142' title='bbox 816 2331 946 2400; x_wconf 87' lang='lat' dir='ltr'><strong>exclusi</strong></span> <span class='ocrx_word' id='word_1_143' title='bbox 960 2338 1045 2397; x_wconf 85' lang='lat' dir='ltr'><strong>sunt</strong></span> <span class='ocrx_word' id='word_1_144' title='bbox 1057 2347 1101 2391; x_wconf 81' lang='lat' dir='ltr'><strong>ex</strong></span> 
     </span>
     <span class='ocr_line' id='line_1_21' title="bbox 106 2424 1100 2528; baseline -0.006 -27"><span class='ocrx_word' id='word_1_145' title='bbox 106 2432 172 2501; x_wconf 93' lang='lat' dir='ltr'><strong>illo</strong></span> <span class='ocrx_word' id='word_1_146' title='bbox 198 2432 455 2518; x_wconf 83' lang='lat' dir='ltr'><strong>conciliabulo,</strong></span> <span class='ocrx_word' id='word_1_147' title='bbox 489 2436 587 2528; x_wconf 92' lang='lat' dir='ltr'><strong>quod</strong></span> <span class='ocrx_word' id='word_1_148' title='bbox 609 2447 730 2503; x_wconf 88' lang='lat' dir='ltr'><strong>eontra</strong></span> <span class='ocrx_word' id='word_1_149' title='bbox 756 2456 821 2502; x_wconf 88' lang='lat' dir='ltr'><strong>nos</strong></span> <span class='ocrx_word' id='word_1_150' title='bbox 844 2425 989 2504; x_wconf 89' lang='lat' dir='ltr'><strong>babent.</strong></span> <span class='ocrx_word' id='word_1_151' title='bbox 1040 2424 1100 2495; x_wconf 84' lang='lat' dir='ltr'><strong>Sic</strong></span> 
     </span>
     <span class='ocr_line' id='line_1_22' title="bbox 106 2532 778 2625; baseline 0.004 -22"><span class='ocrx_word' id='word_1_152' title='bbox 106 2532 225 2625; x_wconf 75' lang='lat' dir='ltr'><strong>agitur</strong></span> <span class='ocrx_word' id='word_1_153' title='bbox 239 2556 295 2617; x_wconf 78' lang='lat' dir='ltr'><strong>res</strong></span> <span class='ocrx_word' id='word_1_154' title='bbox 308 2534 463 2608; x_wconf 81' lang='lat' dir='ltr'><strong>factiose.</strong></span> <span class='ocrx_word' id='word_1_155' title='bbox 515 2535 604 2604; x_wconf 89' lang='lat' dir='ltr'><strong>Vale</strong></span> <span class='ocrx_word' id='word_1_156' title='bbox 619 2534 778 2606; x_wconf 80' lang='lat' dir='ltr'><strong>feliciter.</strong></span> 
     </span>
    </p>

    <p class='ocr_par' dir='ltr' id='par_1_4' title="bbox 107 2622 1102 2929">
     <span class='ocr_line' id='line_1_23' title="bbox 210 2622 1101 2727; baseline -0.004 -26"><span class='ocrx_word' id='word_1_157' title='bbox 210 2622 404 2706; x_wconf 77' lang='lat' dir='ltr'><strong>Arnoldus</strong></span> <span class='ocrx_word' id='word_1_158' title='bbox 429 2638 589 2709; x_wconf 85' lang='lat' dir='ltr'><strong>narrabit</strong></span> <span class='ocrx_word' id='word_1_159' title='bbox 603 2636 671 2707; x_wconf 91' lang='lat' dir='ltr'><strong>tibi</strong></span> <span class='ocrx_word' id='word_1_160' title='bbox 686 2632 960 2727; x_wconf 86' lang='lat' dir='ltr'><strong>Hispanicorum</strong></span> <span class='ocrx_word' id='word_1_161' title='bbox 975 2652 1101 2721; x_wconf 92' lang='lat' dir='ltr'><strong>proce-</strong></span> 
     </span>
     <span class='ocr_line' id='line_1_24' title="bbox 107 2731 1102 2825; baseline -0.006 -21"><span class='ocrx_word' id='word_1_162' title='bbox 107 2758 191 2804; x_wconf 90' lang='lat' dir='ltr'><strong>rum</strong></span> <span class='ocrx_word' id='word_1_163' title='bbox 208 2736 383 2825; x_wconf 89' lang='lat' dir='ltr'><strong>optimum</strong></span> <span class='ocrx_word' id='word_1_164' title='bbox 399 2737 585 2809; x_wconf 88' lang='lat' dir='ltr'><strong>consilium</strong></span> <span class='ocrx_word' id='word_1_165' title='bbox 601 2742 644 2808; x_wconf 92' lang='lat' dir='ltr'><strong>de</strong></span> <span class='ocrx_word' id='word_1_166' title='bbox 662 2750 780 2807; x_wconf 90' lang='lat' dir='ltr'><strong>nostra</strong></span> <span class='ocrx_word' id='word_1_167' title='bbox 797 2759 908 2806; x_wconf 87' lang='lat' dir='ltr'><strong>causa.</strong></span> <span class='ocrx_word' id='word_1_168' title='bbox 966 2731 1102 2804; x_wconf 89' lang='lat' dir='ltr'><strong>Arnol-</strong></span> 
     </span>
     <span class='ocr_line' id='line_1_25' title="bbox 107 2836 521 2929; baseline 0.014 -24"><span class='ocrx_word' id='word_1_169' title='bbox 107 2836 198 2929; x_wconf 81' lang='lat' dir='ltr'><strong>dum</strong></span> <span class='ocrx_word' id='word_1_170' title='bbox 216 2836 285 2906; x_wconf 86' lang='lat' dir='ltr'><strong>tibi</strong></span> <span class='ocrx_word' id='word_1_171' title='bbox 299 2841 521 2911; x_wconf 90' lang='lat' dir='ltr'><strong>commendo.</strong></span> 
     </span>
    </p>

    <p class='ocr_par' dir='ltr' id='par_1_5' title="bbox 329 2930 1051 3013">
     <span class='ocr_line' id='line_1_26' title="bbox 329 2930 1051 3013; baseline -0.014 -2"><span class='ocrx_word' id='word_1_172' title='bbox 329 2960 333 2965; x_wconf 84' lang='grc'><strong>’</strong></span> <span class='ocrx_word' id='word_1_173' title='bbox 857 2930 1051 3013; x_wconf 80' lang='grc' dir='ltr'><strong>Φίλιππος.</strong></span> 
     </span>
    </p>
   </div>
   <div class='ocr_carea' id='block_1_4' title="bbox 937 3208 1084 3323">
    <p class='ocr_par' dir='ltr' id='par_1_6' title="bbox 937 3208 1084 3323">
     <span class='ocr_line' id='line_1_27' title="bbox 937 3208 1084 3323; baseline -0.007 0"><span class='ocrx_word' id='word_1_174' title='bbox 937 3208 1084 3323; x_wconf 68' lang='lat' dir='ltr'><strong>satus</strong></span> 
     </span>
    </p>
   </div>
   <div class='ocr_carea' id='block_1_5' title="bbox 923 3344 1096 3375">
    <p class='ocr_par' dir='ltr' id='par_1_7' title="bbox 923 3344 1096 3375">
     <span class='ocr_line' id='line_1_28' title="bbox 923 3344 1096 3375; baseline -0.012 0"><span class='ocrx_word' id='word_1_175' title='bbox 923 3344 1096 3375; x_wconf 56' lang='grc' dir='ltr'>Μ</span> 
     </span>
    </p>
   </div>
   <div class='ocr_carea' id='block_1_6' title="bbox 123 3244 292 3321">
    <p class='ocr_par' dir='ltr' id='par_1_8' title="bbox 123 3244 292 3321">
     <span class='ocr_line' id='line_1_29' title="bbox 123 3244 292 3321; baseline 0.018 -3"><span class='ocrx_word' id='word_1_176' title='bbox 123 3245 190 3318; x_wconf 81' lang='lat' dir='ltr'><strong>rto.</strong></span> <span class='ocrx_word' id='word_1_177' title='bbox 205 3244 292 3321; x_wconf 76' lang='grc'><strong>001.</strong></span> 
     </span>
    </p>
   </div>
   <div class='ocr_carea' id='block_1_7' title="bbox 125 3342 293 3399">
    <p class='ocr_par' dir='ltr' id='par_1_9' title="bbox 125 3342 293 3399">
     <span class='ocr_line' id='line_1_30' title="bbox 125 3342 293 3399; baseline 0 -26"><span class='ocrx_word' id='word_1_178' title='bbox 125 3342 293 3399; x_wconf 46' lang='lat' dir='ltr'>W</span> 
     </span>
    </p>
   </div>
   <div class='ocr_carea' id='block_1_8' title="bbox 466 3429 756 3519">
    <p class='ocr_par' dir='ltr' id='par_1_10' title="bbox 466 3429 756 3519">
     <span class='ocr_line' id='line_1_31' title="bbox 466 3429 756 3519; baseline 0.017 -6"><span class='ocrx_word' id='word_1_179' title='bbox 466 3430 526 3515; x_wconf 88' lang='lat' dir='ltr'><strong>M.</strong></span> <span class='ocrx_word' id='word_1_180' title='bbox 553 3429 756 3519; x_wconf 75' lang='lat' dir='ltr'><strong>Laetera.</strong></span> 
     </span>
    </p>
   </div>
   <div class='ocr_carea' id='block_1_9' title="bbox 183 3566 1170 3688">
    <p class='ocr_par' dir='ltr' id='par_1_11' title="bbox 183 3566 1170 3688">
     <span class='ocr_line' id='line_1_32' title="bbox 183 3566 1170 3688; baseline 0.006 -24"><span class='ocrx_word' id='word_1_181' title='bbox 183 3566 265 3687; x_wconf 53' lang='lat' dir='ltr'><strong>Egisti</strong></span> <span class='ocrx_word' id='word_1_182' title='bbox 277 3608 326 3666; x_wconf 85' lang='lat' dir='ltr'><strong>lib.</strong></span> <span class='ocrx_word' id='word_1_183' title='bbox 340 3610 364 3665; x_wconf 89' lang='lat' dir='ltr'><strong>l.</strong></span> <span class='ocrx_word' id='word_1_184' title='bbox 382 3629 397 3665; x_wconf 86' lang='lat' dir='ltr'><strong>e</strong></span> <span class='ocrx_word' id='word_1_185' title='bbox 417 3648 425 3666; x_wconf 94' lang='lat'><strong>.</strong></span> <span class='ocrx_word' id='word_1_186' title='bbox 441 3609 484 3665; x_wconf 82' lang='lat' dir='ltr'><strong>ts.</strong></span> <span class='ocrx_word' id='word_1_187' title='bbox 509 3610 574 3666; x_wconf 88' lang='lat' dir='ltr'><strong>edit.</strong></span> <span class='ocrx_word' id='word_1_188' title='bbox 586 3610 675 3667; x_wconf 62' lang='lat' dir='ltr'><strong>mut.</strong></span> <span class='ocrx_word' id='word_1_189' title='bbox 688 3609 710 3667; x_wconf 71' lang='lat' dir='ltr'><strong>l.</strong></span> <span class='ocrx_word' id='word_1_190' title='bbox 723 3630 767 3683; x_wconf 84' lang='lat' dir='ltr'><strong>ep.</strong></span> <span class='ocrx_word' id='word_1_191' title='bbox 782 3612 837 3675; x_wconf 86' lang='lat'><strong>10.)</strong></span> <span class='ocrx_word' id='word_1_192' title='bbox 854 3640 889 3657; x_wconf 90' lang='lat'><em>-</em></span> <span class='ocrx_word' id='word_1_193' title='bbox 907 3615 1019 3673; x_wconf 76' lang='lat' dir='ltr'><strong>Contuli</strong></span> <span class='ocrx_word' id='word_1_194' title='bbox 1031 3634 1102 3688; x_wconf 75' lang='lat' dir='ltr'><strong>epo·</strong></span> <span class='ocrx_word' id='word_1_195' title='bbox 1166 3568 1170 3577; x_wconf 91' lang='lat'><strong>·</strong></span> 
     </span>
    </p>
   </div>
   <div class='ocr_carea' id='block_1_10' title="bbox 85 3674 1102 3889">
    <p class='ocr_par' dir='ltr' id='par_1_12' title="bbox 85 3674 1102 3889">
     <span class='ocr_line' id='line_1_33' title="bbox 85 3674 1101 3805; baseline 0.012 -77"><span class='ocrx_word' id='word_1_196' title='bbox 85 3704 87 3709; x_wconf 96' lang='lat'>·</span> <span class='ocrx_word' id='word_1_197' title='bbox 214 3674 385 3805; x_wconf 48' lang='lat' dir='ltr'><strong>whom·</strong></span> <span class='ocrx_word' id='word_1_198' title='bbox 426 3688 459 3733; x_wconf 82' lang='lat' dir='ltr'><strong>st.</strong></span> <span class='ocrx_word' id='word_1_199' title='bbox 508 3679 616 3763; x_wconf 63' lang='lat' dir='ltr'><strong>soliano</strong></span> <span class='ocrx_word' id='word_1_200' title='bbox 654 3680 719 3736; x_wconf 76' lang='grc'><strong>.81.</strong></span> <span class='ocrx_word' id='word_1_201' title='bbox 747 3706 779 3724; x_wconf 86' lang='lat'><strong>-·</strong></span> <span class='ocrx_word' id='word_1_202' title='bbox 821 3680 977 3755; x_wconf 71' lang='lat' dir='ltr'><strong>Respondet</strong></span> <span class='ocrx_word' id='word_1_203' title='bbox 991 3684 1101 3740; x_wconf 83' lang='lat' dir='ltr'><strong>Melan·</strong></span> 
     </span>
     <span class='ocr_line' id='line_1_34' title="bbox 85 3744 1102 3889; baseline 0.016 -93"><span class='ocrx_word' id='word_1_204' title='bbox 85 3800 88 3809; x_wconf 65' lang='grc'>,</span> <span class='ocrx_word' id='word_1_205' title='bbox 181 3780 185 3787; x_wconf 89' lang='grc'>-</span> <span class='ocrx_word' id='word_1_206' title='bbox 212 3834 242 3889; x_wconf 51' lang='grc'><strong>1.</strong></span> <span class='ocrx_word' id='word_1_207' title='bbox 255 3748 420 3873; x_wconf 30' lang='grc' dir='ltr'><strong>ιιιωιιιιὶοιιιιι.</strong></span> <span class='ocrx_word' id='word_1_208' title='bbox 435 3744 586 3802; x_wconf 81' lang='lat' dir='ltr'><strong>botberrd.</strong></span> <span class='ocrx_word' id='word_1_209' title='bbox 603 3748 629 3803; x_wconf 89' lang='lat' dir='ltr'><strong>d.</strong></span> <span class='ocrx_word' id='word_1_210' title='bbox 654 3747 754 3820; x_wconf 63' lang='lat' dir='ltr'><strong>utut,</strong></span> <span class='ocrx_word' id='word_1_211' title='bbox 771 3749 841 3823; x_wconf 76' lang='lat' dir='ltr'><strong>apud</strong></span> <span class='ocrx_word' id='word_1_212' title='bbox 855 3750 996 3810; x_wconf 85' lang='lat' dir='ltr'><strong>dsWett.</strong></span> <span class='ocrx_word' id='word_1_213' title='bbox 1011 3752 1044 3810; x_wconf 90' lang='grc' dir='ltr'><strong>Τ.</strong></span> <span class='ocrx_word' id='word_1_214' title='bbox 1054 3754 1102 3812; x_wconf 79' lang='lat' dir='ltr'><strong>ut.</strong></span> 
     </span>
    </p>
   </div>
   <div class='ocr_carea' id='block_1_11' title="bbox 333 3950 881 4037">
    <p class='ocr_par' dir='ltr' id='par_1_13' title="bbox 333 3950 881 4037">
     <span class='ocr_line' id='line_1_35' title="bbox 333 3950 881 4037; baseline 0.015 -8"><span class='ocrx_word' id='word_1_215' title='bbox 333 3952 380 4033; x_wconf 86' lang='lat' dir='ltr'><strong>D.</strong></span> <span class='ocrx_word' id='word_1_216' title='bbox 406 3950 629 4031; x_wconf 75' lang='lat' dir='ltr'><strong>Martiae</strong></span> <span class='ocrx_word' id='word_1_217' title='bbox 659 3952 881 4037; x_wconf 68' lang='lat' dir='ltr'><strong>bothero.</strong></span> 
     </span>
    </p>
   </div>
   <div class='ocr_carea' id='block_1_12' title="bbox 139 4082 1102 4515">
    <p class='ocr_par' dir='ltr' id='par_1_14' title="bbox 139 4082 1102 4515">
     <span class='ocr_line' id='line_1_36' title="bbox 139 4082 1102 4189; baseline 0.01 -12"><span class='ocrx_word' id='word_1_218' title='bbox 139 4082 230 4187; x_wconf 71' lang='lat' dir='ltr'><strong>itt.</strong></span> <span class='ocrx_word' id='word_1_219' title='bbox 278 4110 450 4185; x_wconf 87' lang='lat' dir='ltr'><strong>Nondum</strong></span> <span class='ocrx_word' id='word_1_220' title='bbox 465 4106 622 4185; x_wconf 86' lang='lat' dir='ltr'><strong>exhibita</strong></span> <span class='ocrx_word' id='word_1_221' title='bbox 635 4127 688 4184; x_wconf 88' lang='lat' dir='ltr'><strong>est</strong></span> <span class='ocrx_word' id='word_1_222' title='bbox 699 4115 804 4185; x_wconf 90' lang='lat' dir='ltr'><strong>nobis</strong></span> <span class='ocrx_word' id='word_1_223' title='bbox 819 4117 1102 4189; x_wconf 83' lang='lat' dir='ltr'><strong>adversariorum</strong></span> 
     </span>
     <span class='ocr_line' id='line_1_37' title="bbox 142 4212 1100 4313; baseline 0.002 -26"><span class='ocrx_word' id='word_1_224' title='bbox 142 4212 330 4299; x_wconf 67' lang='lat' dir='ltr'><strong>minutio,</strong></span> <span class='ocrx_word' id='word_1_225' title='bbox 353 4226 389 4285; x_wconf 89' lang='lat' dir='ltr'><strong>et</strong></span> <span class='ocrx_word' id='word_1_226' title='bbox 401 4213 509 4285; x_wconf 87' lang='lat' dir='ltr'><strong>audio</strong></span> <span class='ocrx_word' id='word_1_227' title='bbox 523 4215 599 4284; x_wconf 87' lang='lat' dir='ltr'><strong>eius</strong></span> <span class='ocrx_word' id='word_1_228' title='bbox 614 4239 734 4287; x_wconf 89' lang='lat' dir='ltr'><strong>morae</strong></span> <span class='ocrx_word' id='word_1_229' title='bbox 748 4240 890 4287; x_wconf 87' lang='lat' dir='ltr'><strong>causam</strong></span> <span class='ocrx_word' id='word_1_230' title='bbox 901 4240 993 4304; x_wconf 88' lang='lat' dir='ltr'><strong>esse,</strong></span> <span class='ocrx_word' id='word_1_231' title='bbox 1018 4219 1100 4313; x_wconf 90' lang='lat' dir='ltr'><strong>quia</strong></span> 
     </span>
     <span class='ocr_line' id='line_1_38' title="bbox 143 4312 1100 4413; baseline 0.009 -30"><span class='ocrx_word' id='word_1_232' title='bbox 143 4312 258 4387; x_wconf 63' lang='lat' dir='ltr'><strong>mide</strong></span> <span class='ocrx_word' id='word_1_233' title='bbox 271 4312 433 4387; x_wconf 81' lang='lat' dir='ltr'><strong>Caesaris</strong></span> <span class='ocrx_word' id='word_1_234' title='bbox 456 4316 606 4387; x_wconf 90' lang='lat' dir='ltr'><strong>consilio</strong></span> <span class='ocrx_word' id='word_1_235' title='bbox 615 4312 643 4413; x_wconf 85' lang='lat'><strong>¹)</strong></span> <span class='ocrx_word' id='word_1_236' title='bbox 658 4318 868 4401; x_wconf 90' lang='lat' dir='ltr'><strong>emendant,</strong></span> <span class='ocrx_word' id='word_1_237' title='bbox 898 4333 932 4389; x_wconf 88' lang='lat' dir='ltr'><strong>et</strong></span> <span class='ocrx_word' id='word_1_238' title='bbox 953 4319 1100 4393; x_wconf 90' lang='lat' dir='ltr'><strong>demunt</strong></span> 
     </span>
     <span class='ocr_line' id='line_1_39' title="bbox 142 4410 1102 4515; baseline 0.008 -30"><span class='ocrx_word' id='word_1_239' title='bbox 142 4414 288 4499; x_wconf 77' lang='lat' dir='ltr'><strong>torricia.</strong></span> <span class='ocrx_word' id='word_1_240' title='bbox 353 4415 423 4491; x_wconf 87' lang='lat' dir='ltr'><strong>Sed</strong></span> <span class='ocrx_word' id='word_1_241' title='bbox 446 4412 554 4487; x_wconf 89' lang='lat' dir='ltr'><strong>hodie</strong></span> <span class='ocrx_word' id='word_1_242' title='bbox 572 4419 690 4510; x_wconf 90' lang='lat' dir='ltr'><strong>accepi</strong></span> <span class='ocrx_word' id='word_1_243' title='bbox 712 4444 754 4489; x_wconf 80' lang='lat' dir='ltr'><strong>ex</strong></span> <span class='ocrx_word' id='word_1_244' title='bbox 775 4410 977 4515; x_wconf 75' lang='lat' dir='ltr'><strong>Compegio</strong></span> <span class='ocrx_word' id='word_1_245' title='bbox 1009 4420 1102 4493; x_wconf 81' lang='lat' dir='ltr'><strong>intra</strong></span> 
     </span>
    </p>
   </div>
   <div class='ocr_carea' id='block_1_13' title="bbox 140 4517 1104 4613">
    <p class='ocr_par' dir='ltr' id='par_1_15' title="bbox 140 4517 1104 4613">
     <span class='ocr_line' id='line_1_40' title="bbox 140 4517 1104 4613; baseline 0.007 -26"><span class='ocrx_word' id='word_1_246' title='bbox 140 4528 246 4601; x_wconf 68' lang='lat' dir='ltr'><strong>tucos</strong></span> <span class='ocrx_word' id='word_1_247' title='bbox 269 4517 347 4589; x_wconf 84' lang='lat' dir='ltr'><strong>dies</strong></span> <span class='ocrx_word' id='word_1_248' title='bbox 371 4519 603 4609; x_wconf 88' lang='lat' dir='ltr'><strong>prodituram.</strong></span> <span class='ocrx_word' id='word_1_249' title='bbox 666 4517 739 4592; x_wconf 91' lang='lat' dir='ltr'><strong>Ubi</strong></span> <span class='ocrx_word' id='word_1_250' title='bbox 761 4522 951 4613; x_wconf 92' lang='lat' dir='ltr'><strong>prodierit,</strong></span> <span class='ocrx_word' id='word_1_251' title='bbox 984 4525 1104 4594; x_wconf 88' lang='lat' dir='ltr'><strong>conie-</strong></span> 
     </span>
    </p>
   </div>
   <div class='ocr_carea' id='block_1_14' title="bbox 91 4616 1103 5018">
    <p class='ocr_par' dir='ltr' id='par_1_16' title="bbox 91 4616 1103 5018">
     <span class='ocr_line' id='line_1_41' title="bbox 129 4616 1103 4718; baseline 0.005 -27"><span class='ocrx_word' id='word_1_252' title='bbox 129 4622 253 4691; x_wconf 59' lang='lat' dir='ltr'><strong>*tlttrrm</strong></span> <span class='ocrx_word' id='word_1_253' title='bbox 275 4619 456 4710; x_wconf 80' lang='lat' dir='ltr'><strong>capiemus</strong></span> <span class='ocrx_word' id='word_1_254' title='bbox 468 4620 513 4688; x_wconf 89' lang='lat' dir='ltr'><strong>de</strong></span> <span class='ocrx_word' id='word_1_255' title='bbox 523 4616 554 4710; x_wconf 86' lang='lat'><strong>²)</strong></span> <span class='ocrx_word' id='word_1_256' title='bbox 569 4620 737 4691; x_wconf 85' lang='lat' dir='ltr'><strong>discessu.</strong></span> <span class='ocrx_word' id='word_1_257' title='bbox 792 4621 866 4693; x_wconf 90' lang='lat' dir='ltr'><strong>Nos</strong></span> <span class='ocrx_word' id='word_1_258' title='bbox 887 4624 984 4693; x_wconf 87' lang='lat' dir='ltr'><strong>enim</strong></span> <span class='ocrx_word' id='word_1_259' title='bbox 1007 4640 1103 4718; x_wconf 89' lang='lat' dir='ltr'><strong>pete-</strong></span> 
     </span>
     <span class='ocr_line' id='line_1_42' title="bbox 139 4719 1100 4835; baseline 0.007 -43"><span class='ocrx_word' id='word_1_260' title='bbox 139 4734 217 4835; x_wconf 57' lang='grc' dir='ltr'><strong>ψ,</strong></span> <span class='ocrx_word' id='word_1_261' title='bbox 236 4734 282 4793; x_wconf 83' lang='lat' dir='ltr'><strong>ut</strong></span> <span class='ocrx_word' id='word_1_262' title='bbox 294 4722 502 4812; x_wconf 89' lang='lat' dir='ltr'><strong>permittant</strong></span> <span class='ocrx_word' id='word_1_263' title='bbox 515 4722 620 4792; x_wconf 89' lang='lat' dir='ltr'><strong>nobis</strong></span> <span class='ocrx_word' id='word_1_264' title='bbox 632 4719 985 4822; x_wconf 75' lang='grc' dir='ltr'><strong>ἀνταπολογεῖσθαι,</strong></span> <span class='ocrx_word' id='word_1_265' title='bbox 1005 4730 1100 4820; x_wconf 90' lang='lat' dir='ltr'><strong>quod</strong></span> 
     </span>
     <span class='ocr_line' id='line_1_43' title="bbox 137 4822 1103 4908; baseline 0.013 -21"><span class='ocrx_word' id='word_1_266' title='bbox 137 4822 421 4908; x_wconf 78' lang='lat' dir='ltr'><strong>euonoesserint,</strong></span> <span class='ocrx_word' id='word_1_267' title='bbox 452 4847 527 4894; x_wconf 89' lang='lat' dir='ltr'><strong>non</strong></span> <span class='ocrx_word' id='word_1_268' title='bbox 544 4823 608 4892; x_wconf 92' lang='lat' dir='ltr'><strong>diu</strong></span> <span class='ocrx_word' id='word_1_269' title='bbox 626 4825 861 4900; x_wconf 84' lang='lat' dir='ltr'><strong>manebimus.</strong></span> <span class='ocrx_word' id='word_1_270' title='bbox 916 4823 1103 4900; x_wconf 86' lang='lat' dir='ltr'><strong>Erasmus</strong></span> 
     </span>
     <span class='ocr_line' id='line_1_44' title="bbox 91 4922 1103 5018; baseline 0.012 -31"><span class='ocrx_word' id='word_1_271' title='bbox 91 4982 93 4987; x_wconf 89' lang='lat'><strong>.</strong></span> <span class='ocrx_word' id='word_1_272' title='bbox 133 4922 294 5017; x_wconf 69' lang='lat' dir='ltr'><strong>surripuit</strong></span> <span class='ocrx_word' id='word_1_273' title='bbox 306 4922 460 5009; x_wconf 74' lang='lat' dir='ltr'><strong>Caesod,</strong></span> <span class='ocrx_word' id='word_1_274' title='bbox 474 4937 593 5016; x_wconf 85' lang='lat' dir='ltr'><strong>aperte</strong></span> <span class='ocrx_word' id='word_1_275' title='bbox 606 4928 762 5018; x_wconf 89' lang='lat' dir='ltr'><strong>probans</strong></span> <span class='ocrx_word' id='word_1_276' title='bbox 778 4951 918 4998; x_wconf 79' lang='lat' dir='ltr'><strong>causum</strong></span> <span class='ocrx_word' id='word_1_277' title='bbox 933 4944 1103 5018; x_wconf 85' lang='lat' dir='ltr'><strong>nostram,</strong></span> 
     </span>
    </p>
   </div>
   <div class='ocr_carea' id='block_1_15' title="bbox 127 5093 343 5115">
    <p class='ocr_par' dir='ltr' id='par_1_17' title="bbox 127 5093 343 5115">
     <span class='ocr_line' id='line_1_45' title="bbox 127 5093 343 5115; baseline 0.005 -1"><span class='ocrx_word' id='word_1_278' title='bbox 127 5093 343 5115; x_wconf 62' lang='grc' dir='ltr'><strong>...ιιι-ι-</strong></span> 
     </span>
    </p>
   </div>
   <div class='ocr_carea' id='block_1_16' title="bbox 150 5152 1068 5403">
    <p class='ocr_par' dir='ltr' id='par_1_18' title="bbox 150 5152 1068 5403">
     <span class='ocr_line' id='line_1_46' title="bbox 151 5152 596 5229; baseline -0.009 -14"><span class='ocrx_word' id='word_1_279' title='bbox 151 5156 180 5227; x_wconf 57' lang='grc'><strong>’)</strong></span> <span class='ocrx_word' id='word_1_280' title='bbox 197 5158 307 5215; x_wconf 69' lang='lat' dir='ltr'><strong>mon</strong></span> <span class='ocrx_word' id='word_1_281' title='bbox 320 5154 471 5229; x_wconf 69' lang='grc' dir='ltr'><strong>Θεοηὶιιιιι</strong></span> <span class='ocrx_word' id='word_1_282' title='bbox 492 5152 524 5211; x_wconf 83' lang='grc'><strong>0.</strong></span> <span class='ocrx_word' id='word_1_283' title='bbox 536 5154 596 5212; x_wconf 88' lang='lat' dir='ltr'><strong>W.</strong></span> 
     </span>
     <span class='ocr_line' id='line_1_47' title="bbox 150 5242 1068 5403; baseline 0.011 -105"><span class='ocrx_word' id='word_1_284' title='bbox 150 5248 181 5403; x_wconf 63' lang='lat' dir='ltr'><strong>g</strong></span> <span class='ocrx_word' id='word_1_285' title='bbox 199 5244 339 5389; x_wconf 45' lang='lat'><strong>{132</strong></span> <span class='ocrx_word' id='word_1_286' title='bbox 349 5247 385 5299; x_wconf 80' lang='lat' dir='ltr'><strong>de</strong></span> <span class='ocrx_word' id='word_1_287' title='bbox 401 5242 482 5311; x_wconf 72' lang='lat' dir='ltr'><strong>Cau.</strong></span> <span class='ocrx_word' id='word_1_288' title='bbox 494 5242 667 5304; x_wconf 66' lang='lat' dir='ltr'><strong>eonnldst:</strong></span> <span class='ocrx_word' id='word_1_289' title='bbox 687 5247 756 5314; x_wconf 74' lang='lat' dir='ltr'><strong>quta</strong></span> <span class='ocrx_word' id='word_1_290' title='bbox 766 5244 899 5305; x_wconf 56' lang='lat' dir='ltr'><strong>&amp;sard</strong></span> <span class='ocrx_word' id='word_1_291' title='bbox 913 5250 1068 5309; x_wconf 58' lang='lat' dir='ltr'><strong>mmmm.</strong></span> 
     </span>
    </p>
   </div>
   <div class='ocr_carea' id='block_1_17' title="bbox 625 154 1558 263">
    <p class='ocr_par' dir='ltr' id='par_1_19' title="bbox 625 154 1558 263">
     <span class='ocr_line' id='line_1_48' title="bbox 625 154 1558 263; baseline 0.003 -5"><span class='ocrx_word' id='word_1_292' title='bbox 625 186 629 191; x_wconf 89' lang='lat'>·</span> <span class='ocrx_word' id='word_1_293' title='bbox 682 158 1131 260; x_wconf 77' lang='lat' dir='ltr'><strong>nrtsrootnulr</strong></span> <span class='ocrx_word' id='word_1_294' title='bbox 1178 154 1287 260; x_wconf 75' lang='lat' dir='ltr'><strong>orn.</strong></span> <span class='ocrx_word' id='word_1_295' title='bbox 1324 182 1369 263; x_wconf 80' lang='lat' dir='ltr'><strong>v,</strong></span> <span class='ocrx_word' id='word_1_296' title='bbox 1424 154 1558 261; x_wconf 73' lang='lat' dir='ltr'><strong>csso.</strong></span> 
     </span>
    </p>
   </div>
   <div class='ocr_carea' id='block_1_18' title="bbox 2058 166 2136 253">
    <p class='ocr_par' dir='ltr' id='par_1_20' title="bbox 2058 166 2136 253">
     <span class='ocr_line' id='line_1_49' title="bbox 2058 166 2136 253; baseline 0 0"><span class='ocrx_word' id='word_1_297' title='bbox 2058 166 2136 253; x_wconf 81' lang='lat' dir='ltr'><strong>sao</strong></span> 
     </span>
    </p>
   </div>
   <div class='ocr_carea' id='block_1_19' title="bbox 1144 334 2191 3389">
    <p class='ocr_par' dir='ltr' id='par_1_21' title="bbox 1144 334 2191 3389">
     <span class='ocr_line' id='line_1_50' title="bbox 1145 334 2134 449; baseline -0.003 -28"><span class='ocrx_word' id='word_1_298' title='bbox 1145 346 1188 421; x_wconf 84' lang='lat' dir='ltr'><strong>de</strong></span> <span class='ocrx_word' id='word_1_299' title='bbox 1210 352 1380 449; x_wconf 78' lang='lat' dir='ltr'><strong>coniugio</strong></span> <span class='ocrx_word' id='word_1_300' title='bbox 1401 350 1648 441; x_wconf 81' lang='lat' dir='ltr'><strong>sacerdotum,</strong></span> <span class='ocrx_word' id='word_1_301' title='bbox 1681 350 1723 424; x_wconf 84' lang='lat' dir='ltr'><strong>de</strong></span> <span class='ocrx_word' id='word_1_302' title='bbox 1751 348 1880 435; x_wconf 84' lang='lat' dir='ltr'><strong>Votis,</strong></span> <span class='ocrx_word' id='word_1_303' title='bbox 1913 345 1956 421; x_wconf 85' lang='lat' dir='ltr'><strong>de</strong></span> <span class='ocrx_word' id='word_1_304' title='bbox 1980 334 2134 447; x_wconf 63' lang='lat' dir='ltr'><strong>utroque</strong></span> 
     </span>
     <span class='ocr_line' id='line_1_51' title="bbox 1144 454 2135 552; baseline 0.002 -30"><span class='ocrx_word' id='word_1_305' title='bbox 1144 455 1266 552; x_wconf 82' lang='lat' dir='ltr'><strong>specie.</strong></span> <span class='ocrx_word' id='word_1_306' title='bbox 1333 454 1409 527; x_wconf 92' lang='lat' dir='ltr'><strong>llos</strong></span> <span class='ocrx_word' id='word_1_307' title='bbox 1438 459 1533 527; x_wconf 85' lang='lat' dir='ltr'><strong>onim</strong></span> <span class='ocrx_word' id='word_1_308' title='bbox 1556 456 1735 528; x_wconf 88' lang='lat' dir='ltr'><strong>Articulos</strong></span> <span class='ocrx_word' id='word_1_309' title='bbox 1765 456 1977 525; x_wconf 84' lang='lat' dir='ltr'><strong>nominatim</strong></span> <span class='ocrx_word' id='word_1_310' title='bbox 2009 454 2135 543; x_wconf 84' lang='lat' dir='ltr'><strong>attigit.</strong></span> 
     </span>
     <span class='ocr_line' id='line_1_52' title="bbox 1154 551 2134 650; baseline -0.002 -25"><span class='ocrx_word' id='word_1_311' title='bbox 1154 556 1205 627; x_wconf 74' lang='lat' dir='ltr'><strong>l&#39;u</strong></span> <span class='ocrx_word' id='word_1_312' title='bbox 1235 558 1367 628; x_wconf 88' lang='lat' dir='ltr'><strong>videris</strong></span> <span class='ocrx_word' id='word_1_313' title='bbox 1394 559 1432 628; x_wconf 91' lang='lat' dir='ltr'><strong>in</strong></span> <span class='ocrx_word' id='word_1_314' title='bbox 1461 559 1750 650; x_wconf 86' lang='lat' dir='ltr'><strong>responsionibus</strong></span> <span class='ocrx_word' id='word_1_315' title='bbox 1777 561 1821 627; x_wconf 90' lang='lat' dir='ltr'><strong>de</strong></span> <span class='ocrx_word' id='word_1_316' title='bbox 1846 551 2134 641; x_wconf 77' lang='lat' dir='ltr'><strong>Traditionibus</strong></span> 
     </span>
     <span class='ocr_line' id='line_1_53' title="bbox 1147 652 2134 753; baseline 0.001 -27"><span class='ocrx_word' id='word_1_317' title='bbox 1147 657 1314 729; x_wconf 91' lang='lat' dir='ltr'><strong>nonnihil</strong></span> <span class='ocrx_word' id='word_1_318' title='bbox 1329 655 1541 730; x_wconf 88' lang='lat' dir='ltr'><strong>stomachari</strong></span> <span class='ocrx_word' id='word_1_319' title='bbox 1549 654 1600 753; x_wconf 68' lang='lat'><strong>¹⁵).</strong></span> <span class='ocrx_word' id='word_1_320' title='bbox 1652 660 1722 731; x_wconf 88' lang='lat' dir='ltr'><strong>Sed</strong></span> <span class='ocrx_word' id='word_1_321' title='bbox 1737 684 1823 750; x_wconf 86' lang='lat' dir='ltr'><strong>rogo</strong></span> <span class='ocrx_word' id='word_1_322' title='bbox 1839 673 1893 744; x_wconf 90' lang='lat' dir='ltr'><strong>te,</strong></span> <span class='ocrx_word' id='word_1_323' title='bbox 1916 672 1957 729; x_wconf 90' lang='grc' dir='ltr'><strong>ιιι</strong></span> <span class='ocrx_word' id='word_1_324' title='bbox 1974 652 2063 726; x_wconf 92' lang='lat' dir='ltr'><strong>mihi</strong></span> <span class='ocrx_word' id='word_1_325' title='bbox 2084 656 2134 727; x_wconf 87' lang='lat' dir='ltr'><strong>sic</strong></span> 
     </span>
     <span class='ocr_line' id='line_1_54' title="bbox 1148 758 2133 853; baseline -0.005 -22"><span class='ocrx_word' id='word_1_326' title='bbox 1148 762 1342 853; x_wconf 91' lang='lat' dir='ltr'><strong>disputanti</strong></span> <span class='ocrx_word' id='word_1_327' title='bbox 1361 763 1529 852; x_wconf 83' lang='lat' dir='ltr'><strong>ignoscas.</strong></span> <span class='ocrx_word' id='word_1_328' title='bbox 1576 761 1726 852; x_wconf 80' lang='lat' dir='ltr'><strong>Magnae</strong></span> <span class='ocrx_word' id='word_1_329' title='bbox 1740 785 1796 832; x_wconf 92' lang='lat' dir='ltr'><strong>res</strong></span> <span class='ocrx_word' id='word_1_330' title='bbox 1816 775 1916 845; x_wconf 90' lang='lat' dir='ltr'><strong>sunt,</strong></span> <span class='ocrx_word' id='word_1_331' title='bbox 1939 758 2052 853; x_wconf 85' lang='lat' dir='ltr'><strong>etqui</strong></span> <span class='ocrx_word' id='word_1_332' title='bbox 2068 759 2133 827; x_wconf 91' lang='lat' dir='ltr'><strong>ad-</strong></span> 
     </span>
     <span class='ocr_line' id='line_1_55' title="bbox 1148 862 2135 948; baseline -0.002 -17"><span class='ocrx_word' id='word_1_333' title='bbox 1148 878 1240 948; x_wconf 90' lang='lat' dir='ltr'><strong>sunt,</strong></span> <span class='ocrx_word' id='word_1_334' title='bbox 1254 889 1329 933; x_wconf 93' lang='lat' dir='ltr'><strong>non</strong></span> <span class='ocrx_word' id='word_1_335' title='bbox 1342 864 1493 936; x_wconf 86' lang='lat' dir='ltr'><strong>multum</strong></span> <span class='ocrx_word' id='word_1_336' title='bbox 1508 863 1678 934; x_wconf 83' lang='lat' dir='ltr'><strong>adiuvant</strong></span> <span class='ocrx_word' id='word_1_337' title='bbox 1693 888 1761 938; x_wconf 90' lang='lat' dir='ltr'><strong>mc.</strong></span> <span class='ocrx_word' id='word_1_338' title='bbox 1807 862 1899 934; x_wconf 88' lang='lat' dir='ltr'><strong>Satis</strong></span> <span class='ocrx_word' id='word_1_339' title='bbox 1916 875 2135 945; x_wconf 71' lang='lat' dir='ltr'><strong>canossam,</strong></span> 
     </span>
     <span class='ocr_line' id='line_1_56' title="bbox 1148 957 2135 1059; baseline -0.005 -24"><span class='ocrx_word' id='word_1_340' title='bbox 1148 968 1243 1059; x_wconf 92' lang='lat' dir='ltr'><strong>quod</strong></span> <span class='ocrx_word' id='word_1_341' title='bbox 1266 989 1342 1035; x_wconf 91' lang='lat' dir='ltr'><strong>non</strong></span> <span class='ocrx_word' id='word_1_342' title='bbox 1365 957 1468 1035; x_wconf 90' lang='lat' dir='ltr'><strong>liceat</strong></span> <span class='ocrx_word' id='word_1_343' title='bbox 1486 961 1672 1057; x_wconf 85' lang='lat' dir='ltr'><strong>Episcopis</strong></span> <span class='ocrx_word' id='word_1_344' title='bbox 1695 988 1842 1035; x_wconf 88' lang='lat' dir='ltr'><strong>onerare</strong></span> <span class='ocrx_word' id='word_1_345' title='bbox 1866 962 2066 1045; x_wconf 87' lang='lat' dir='ltr'><strong>ecclesiam,</strong></span> <span class='ocrx_word' id='word_1_346' title='bbox 2098 972 2135 1030; x_wconf 85' lang='lat' dir='ltr'><strong>et</strong></span> 
     </span>
     <span class='ocr_line' id='line_1_57' title="bbox 1149 1062 2135 1161; baseline -0.005 -26"><span class='ocrx_word' id='word_1_347' title='bbox 1149 1068 1196 1138; x_wconf 93' lang='lat' dir='ltr'><strong>ita</strong></span> <span class='ocrx_word' id='word_1_348' title='bbox 1212 1066 1336 1158; x_wconf 90' lang='lat' dir='ltr'><strong>scripsi</strong></span> <span class='ocrx_word' id='word_1_349' title='bbox 1353 1067 1391 1135; x_wconf 93' lang='lat' dir='ltr'><strong>in</strong></span> <span class='ocrx_word' id='word_1_350' title='bbox 1406 1067 1635 1152; x_wconf 87' lang='lat' dir='ltr'><strong>confessione,</strong></span> <span class='ocrx_word' id='word_1_351' title='bbox 1662 1092 1776 1161; x_wconf 89' lang='lat' dir='ltr'><strong>neque</strong></span> <span class='ocrx_word' id='word_1_352' title='bbox 1791 1067 1828 1135; x_wconf 93' lang='lat' dir='ltr'><strong>id</strong></span> <span class='ocrx_word' id='word_1_353' title='bbox 1844 1079 1955 1140; x_wconf 76' lang='lat' dir='ltr'><strong>mesto.</strong></span> <span class='ocrx_word' id='word_1_354' title='bbox 2006 1062 2077 1151; x_wconf 81' lang='lat' dir='ltr'><strong>Sed</strong></span> <span class='ocrx_word' id='word_1_355' title='bbox 2089 1062 2135 1131; x_wconf 90' lang='lat' dir='ltr'><strong>de</strong></span> 
     </span>
     <span class='ocr_line' id='line_1_58' title="bbox 1148 1156 2135 1260; baseline -0.007 -23"><span class='ocrx_word' id='word_1_356' title='bbox 1148 1169 1227 1237; x_wconf 94' lang='lat' dir='ltr'><strong>aliis</strong></span> <span class='ocrx_word' id='word_1_357' title='bbox 1248 1170 1353 1237; x_wconf 90' lang='lat' dir='ltr'><strong>rebus</strong></span> <span class='ocrx_word' id='word_1_358' title='bbox 1376 1183 1491 1238; x_wconf 88' lang='lat' dir='ltr'><strong>tecum</strong></span> <span class='ocrx_word' id='word_1_359' title='bbox 1508 1164 1666 1260; x_wconf 77' lang='grc' dir='ltr'><strong>συζητῶ.</strong></span> <span class='ocrx_word' id='word_1_360' title='bbox 1725 1164 1885 1238; x_wconf 90' lang='lat' dir='ltr'><strong>Obsecro</strong></span> <span class='ocrx_word' id='word_1_361' title='bbox 1903 1180 1954 1250; x_wconf 89' lang='lat' dir='ltr'><strong>te,</strong></span> <span class='ocrx_word' id='word_1_362' title='bbox 1987 1178 2028 1235; x_wconf 89' lang='grc' dir='ltr'><strong>ιιι</strong></span> <span class='ocrx_word' id='word_1_363' title='bbox 2044 1156 2135 1231; x_wconf 89' lang='lat' dir='ltr'><strong>mibi</strong></span> 
     </span>
     <span class='ocr_line' id='line_1_59' title="bbox 1149 1261 2135 1354; baseline -0.005 -15"><span class='ocrx_word' id='word_1_364' title='bbox 1149 1295 1220 1339; x_wconf 93' lang='lat' dir='ltr'><strong>non</strong></span> <span class='ocrx_word' id='word_1_365' title='bbox 1237 1272 1281 1340; x_wconf 86' lang='lat' dir='ltr'><strong>do</strong></span> <span class='ocrx_word' id='word_1_366' title='bbox 1299 1270 1469 1340; x_wconf 87' lang='lat' dir='ltr'><strong>efficiente</strong></span> <span class='ocrx_word' id='word_1_367' title='bbox 1486 1294 1589 1339; x_wconf 84' lang='lat' dir='ltr'><strong>causa</strong></span> <span class='ocrx_word' id='word_1_368' title='bbox 1603 1269 1867 1354; x_wconf 75' lang='lat' dir='ltr'><strong>l&#39;raditionum,</strong></span> <span class='ocrx_word' id='word_1_369' title='bbox 1885 1270 1946 1337; x_wconf 90' lang='lat' dir='ltr'><strong>scd</strong></span> <span class='ocrx_word' id='word_1_370' title='bbox 1959 1267 2020 1335; x_wconf 92' lang='lat' dir='ltr'><strong>illa</strong></span> <span class='ocrx_word' id='word_1_371' title='bbox 2036 1261 2135 1334; x_wconf 85' lang='lat' dir='ltr'><strong>finali</strong></span> 
     </span>
     <span class='ocr_line' id='line_1_60' title="bbox 1148 1366 2136 1465; baseline -0.006 -25"><span class='ocrx_word' id='word_1_372' title='bbox 1148 1372 1376 1463; x_wconf 86' lang='lat' dir='ltr'><strong>respondeas,</strong></span> <span class='ocrx_word' id='word_1_373' title='bbox 1410 1395 1516 1465; x_wconf 91' lang='lat' dir='ltr'><strong>quam</strong></span> <span class='ocrx_word' id='word_1_374' title='bbox 1545 1395 1609 1461; x_wconf 90' lang='lat' dir='ltr'><strong>ego</strong></span> <span class='ocrx_word' id='word_1_375' title='bbox 1643 1372 1746 1463; x_wconf 91' lang='lat' dir='ltr'><strong>posui</strong></span> <span class='ocrx_word' id='word_1_376' title='bbox 1776 1371 1956 1464; x_wconf 90' lang='lat' dir='ltr'><strong>quintam,</strong></span> <span class='ocrx_word' id='word_1_377' title='bbox 1992 1366 2136 1450; x_wconf 88' lang='lat' dir='ltr'><strong>scilicet,</strong></span> 
     </span>
     <span class='ocr_line' id='line_1_61' title="bbox 1150 1462 2136 1564; baseline -0.007 -20"><span class='ocrx_word' id='word_1_378' title='bbox 1150 1473 1277 1544; x_wconf 89' lang='lat' dir='ltr'><strong>Utrum</strong></span> <span class='ocrx_word' id='word_1_379' title='bbox 1292 1472 1555 1543; x_wconf 88' lang='lat' dir='ltr'><strong>observationes</strong></span> <span class='ocrx_word' id='word_1_380' title='bbox 1571 1474 1698 1544; x_wconf 87' lang='lat' dir='ltr'><strong>electae</strong></span> <span class='ocrx_word' id='word_1_381' title='bbox 1715 1497 1733 1542; x_wconf 91' lang='lat' dir='ltr'><strong>a</strong></span> <span class='ocrx_word' id='word_1_382' title='bbox 1749 1472 1818 1564; x_wconf 86' lang='lat' dir='ltr'><strong>piis</strong></span> <span class='ocrx_word' id='word_1_383' title='bbox 1834 1472 1968 1563; x_wconf 92' lang='lat' dir='ltr'><strong>possint</strong></span> <span class='ocrx_word' id='word_1_384' title='bbox 1983 1490 2055 1538; x_wconf 87' lang='lat' dir='ltr'><strong>esse</strong></span> <span class='ocrx_word' id='word_1_385' title='bbox 2070 1462 2136 1537; x_wconf 77' lang='grc' dir='ltr'><strong>λἀ-</strong></span> 
     </span>
     <span class='ocr_line' id='line_1_62' title="bbox 1147 1566 2191 1669; baseline -0.005 -24"><span class='ocrx_word' id='word_1_386' title='bbox 1147 1569 1263 1669; x_wconf 73' lang='lat' dir='ltr'><strong>spalat</strong></span> <span class='ocrx_word' id='word_1_387' title='bbox 1271 1625 1283 1659; x_wconf 93' lang='lat'><strong>,</strong></span> <span class='ocrx_word' id='word_1_388' title='bbox 1309 1587 1350 1644; x_wconf 90' lang='grc' dir='ltr'><strong>ιιι</strong></span> <span class='ocrx_word' id='word_1_389' title='bbox 1363 1574 1396 1642; x_wconf 93' lang='lat' dir='ltr'><strong>si</strong></span> <span class='ocrx_word' id='word_1_390' title='bbox 1409 1568 1629 1643; x_wconf 76' lang='lat' dir='ltr'><strong>Bernartius</strong></span> <span class='ocrx_word' id='word_1_391' title='bbox 1643 1576 1714 1643; x_wconf 92' lang='lat' dir='ltr'><strong>iam</strong></span> <span class='ocrx_word' id='word_1_392' title='bbox 1727 1588 1819 1644; x_wconf 90' lang='lat' dir='ltr'><strong>recte</strong></span> <span class='ocrx_word' id='word_1_393' title='bbox 1834 1573 1988 1642; x_wconf 92' lang='lat' dir='ltr'><strong>sentiens</strong></span> <span class='ocrx_word' id='word_1_394' title='bbox 2002 1566 2136 1659; x_wconf 84' lang='lat' dir='ltr'><strong>lustifi·</strong></span> <span class='ocrx_word' id='word_1_395' title='bbox 2182 1630 2191 1643; x_wconf 90' lang='grc'><strong>.,</strong></span> 
     </span>
     <span class='ocr_line' id='line_1_63' title="bbox 1148 1669 2135 1764; baseline -0.006 -19"><span class='ocrx_word' id='word_1_396' title='bbox 1148 1676 1285 1746; x_wconf 89' lang='lat' dir='ltr'><strong>catione</strong></span> <span class='ocrx_word' id='word_1_397' title='bbox 1310 1675 1415 1764; x_wconf 84' lang='lat' dir='ltr'><strong>eligat</strong></span> <span class='ocrx_word' id='word_1_398' title='bbox 1437 1690 1565 1745; x_wconf 91' lang='lat' dir='ltr'><strong>certam</strong></span> <span class='ocrx_word' id='word_1_399' title='bbox 1587 1676 1885 1760; x_wconf 83' lang='lat' dir='ltr'><strong>observationem,</strong></span> <span class='ocrx_word' id='word_1_400' title='bbox 1918 1697 1964 1742; x_wconf 90' lang='lat' dir='ltr'><strong>an</strong></span> <span class='ocrx_word' id='word_1_401' title='bbox 1985 1671 2047 1741; x_wconf 89' lang='lat' dir='ltr'><strong>illa</strong></span> <span class='ocrx_word' id='word_1_402' title='bbox 2069 1669 2135 1739; x_wconf 93' lang='lat' dir='ltr'><strong>ob-</strong></span> 
     </span>
     <span class='ocr_line' id='line_1_64' title="bbox 1148 1768 2135 1869; baseline -0.007 -23"><span class='ocrx_word' id='word_1_403' title='bbox 1148 1778 1299 1847; x_wconf 89' lang='lat' dir='ltr'><strong>servatio</strong></span> <span class='ocrx_word' id='word_1_404' title='bbox 1317 1777 1428 1869; x_wconf 89' lang='lat' dir='ltr'><strong>possit</strong></span> <span class='ocrx_word' id='word_1_405' title='bbox 1444 1778 1665 1862; x_wconf 89' lang='lat' dir='ltr'><strong>esse&#39;cultus,</strong></span> <span class='ocrx_word' id='word_1_406' title='bbox 1690 1802 1753 1847; x_wconf 91' lang='lat' dir='ltr'><strong>seu</strong></span> <span class='ocrx_word' id='word_1_407' title='bbox 1767 1774 1875 1868; x_wconf 91' lang='lat' dir='ltr'><strong>opus,</strong></span> <span class='ocrx_word' id='word_1_408' title='bbox 1901 1799 1973 1868; x_wconf 92' lang='lat' dir='ltr'><strong>quo</strong></span> <span class='ocrx_word' id='word_1_409' title='bbox 1993 1768 2135 1865; x_wconf 86' lang='lat' dir='ltr'><strong>proprie</strong></span> 
     </span>
     <span class='ocr_line' id='line_1_65' title="bbox 1148 1872 2136 1970; baseline -0.01 -22"><span class='ocrx_word' id='word_1_410' title='bbox 1148 1893 1298 1970; x_wconf 89' lang='lat' dir='ltr'><strong>agantur</strong></span> <span class='ocrx_word' id='word_1_411' title='bbox 1321 1881 1469 1969; x_wconf 85' lang='lat' dir='ltr'><strong>gratiae,</strong></span> <span class='ocrx_word' id='word_1_412' title='bbox 1503 1891 1537 1947; x_wconf 90' lang='lat' dir='ltr'><strong>et</strong></span> <span class='ocrx_word' id='word_1_413' title='bbox 1557 1877 1843 1948; x_wconf 87' lang='lat' dir='ltr'><strong>laudeturlleus.</strong></span> <span class='ocrx_word' id='word_1_414' title='bbox 1902 1874 1944 1945; x_wconf 93' lang='lat' dir='ltr'><strong>ld</strong></span> <span class='ocrx_word' id='word_1_415' title='bbox 1968 1886 2020 1944; x_wconf 91' lang='lat' dir='ltr'><strong>est</strong></span> <span class='ocrx_word' id='word_1_416' title='bbox 2040 1872 2136 1942; x_wconf 88' lang='lat' dir='ltr'><strong>enim</strong></span> 
     </span>
     <span class='ocr_line' id='line_1_66' title="bbox 1149 1971 2136 2075; baseline -0.01 -24"><span class='ocrx_word' id='word_1_417' title='bbox 1149 1982 1244 2075; x_wconf 91' lang='lat' dir='ltr'><strong>quod</strong></span> <span class='ocrx_word' id='word_1_418' title='bbox 1266 1992 1369 2049; x_wconf 86' lang='lat' dir='ltr'><strong>vocat</strong></span> <span class='ocrx_word' id='word_1_419' title='bbox 1391 1973 1560 2050; x_wconf 82' lang='lat' dir='ltr'><strong>Thomas</strong></span> <span class='ocrx_word' id='word_1_420' title='bbox 1582 1975 1767 2075; x_wconf 74' lang='grc' dir='ltr'><strong><em>λατρείαν.</em></strong></span> <span class='ocrx_word' id='word_1_421' title='bbox 1830 1974 1906 2068; x_wconf 89' lang='lat' dir='ltr'><strong>Ego</strong></span> <span class='ocrx_word' id='word_1_422' title='bbox 1933 1976 2046 2046; x_wconf 84' lang='lat' dir='ltr'><strong>sentio</strong></span> <span class='ocrx_word' id='word_1_423' title='bbox 2066 1971 2136 2042; x_wconf 89' lang='lat' dir='ltr'><strong>tale</strong></span> 
     </span>
     <span class='ocr_line' id='line_1_67' title="bbox 1149 2072 2135 2173; baseline -0.009 -21"><span class='ocrx_word' id='word_1_424' title='bbox 1149 2106 1238 2173; x_wconf 89' lang='lat' dir='ltr'><strong>opus</strong></span> <span class='ocrx_word' id='word_1_425' title='bbox 1257 2094 1395 2151; x_wconf 90' lang='lat' dir='ltr'><strong>tantum</strong></span> <span class='ocrx_word' id='word_1_426' title='bbox 1405 2104 1487 2150; x_wconf 79' lang='lat' dir='ltr'><strong>esse</strong></span> <span class='ocrx_word' id='word_1_427' title='bbox 1510 2082 1691 2173; x_wconf 89' lang='lat' dir='ltr'><strong>corporale</strong></span> <span class='ocrx_word' id='word_1_428' title='bbox 1714 2080 1936 2163; x_wconf 79' lang='lat' dir='ltr'><strong>exercitium,</strong></span> <span class='ocrx_word' id='word_1_429' title='bbox 1959 2101 2043 2165; x_wconf 46' lang='lat' dir='ltr'><strong>,non</strong></span> <span class='ocrx_word' id='word_1_430' title='bbox 2059 2072 2135 2143; x_wconf 90' lang='lat' dir='ltr'><strong>cul·</strong></span> 
     </span>
     <span class='ocr_line' id='line_1_68' title="bbox 1151 2178 2137 2270; baseline -0.012 -16"><span class='ocrx_word' id='word_1_431' title='bbox 1151 2196 1237 2267; x_wconf 90' lang='lat' dir='ltr'><strong>tum,</strong></span> <span class='ocrx_word' id='word_1_432' title='bbox 1263 2196 1313 2267; x_wconf 89' lang='lat' dir='ltr'><strong>ut,</strong></span> <span class='ocrx_word' id='word_1_433' title='bbox 1337 2183 1368 2251; x_wconf 94' lang='lat' dir='ltr'><strong>si</strong></span> <span class='ocrx_word' id='word_1_434' title='bbox 1380 2183 1483 2251; x_wconf 91' lang='lat' dir='ltr'><strong>certis</strong></span> <span class='ocrx_word' id='word_1_435' title='bbox 1499 2183 1624 2253; x_wconf 87' lang='lat' dir='ltr'><strong>diebus</strong></span> <span class='ocrx_word' id='word_1_436' title='bbox 1638 2184 1784 2268; x_wconf 89' lang='lat' dir='ltr'><strong>ieiunet,</strong></span> <span class='ocrx_word' id='word_1_437' title='bbox 1808 2182 1915 2250; x_wconf 85' lang='lat' dir='ltr'><strong>finem</strong></span> <span class='ocrx_word' id='word_1_438' title='bbox 1931 2178 2047 2270; x_wconf 88' lang='lat' dir='ltr'><strong>operis</strong></span> <span class='ocrx_word' id='word_1_439' title='bbox 2062 2194 2137 2244; x_wconf 87' lang='lat' dir='ltr'><strong>esse</strong></span> 
     </span>
     <span class='ocr_line' id='line_1_69' title="bbox 1149 2274 2136 2376; baseline -0.01 -23"><span class='ocrx_word' id='word_1_440' title='bbox 1149 2285 1333 2376; x_wconf 89' lang='lat' dir='ltr'><strong>proprium</strong></span> <span class='ocrx_word' id='word_1_441' title='bbox 1348 2285 1504 2376; x_wconf 91' lang='lat' dir='ltr'><strong>corporis</strong></span> <span class='ocrx_word' id='word_1_442' title='bbox 1517 2284 1797 2372; x_wconf 83' lang='lat' dir='ltr'><strong>castigationem,</strong></span> <span class='ocrx_word' id='word_1_443' title='bbox 1823 2304 1896 2350; x_wconf 93' lang='lat' dir='ltr'><strong>non</strong></span> <span class='ocrx_word' id='word_1_444' title='bbox 1913 2281 2057 2363; x_wconf 89' lang='lat' dir='ltr'><strong>cultum,</strong></span> <span class='ocrx_word' id='word_1_445' title='bbox 2075 2274 2136 2344; x_wconf 91' lang='lat' dir='ltr'><strong>sed</strong></span> 
     </span>
     <span class='ocr_line' id='line_1_70' title="bbox 1150 2381 2137 2478; baseline -0.008 -25"><span class='ocrx_word' id='word_1_446' title='bbox 1150 2388 1289 2454; x_wconf 90' lang='lat' dir='ltr'><strong>landem</strong></span> <span class='ocrx_word' id='word_1_447' title='bbox 1306 2382 1383 2458; x_wconf 90' lang='lat' dir='ltr'><strong>Dei.</strong></span> <span class='ocrx_word' id='word_1_448' title='bbox 1436 2383 1583 2478; x_wconf 86' lang='lat' dir='ltr'><strong>Loquor</strong></span> <span class='ocrx_word' id='word_1_449' title='bbox 1599 2386 1693 2454; x_wconf 91' lang='lat' dir='ltr'><strong>enim</strong></span> <span class='ocrx_word' id='word_1_450' title='bbox 1711 2387 1755 2453; x_wconf 91' lang='lat' dir='ltr'><strong>de</strong></span> <span class='ocrx_word' id='word_1_451' title='bbox 1770 2385 1839 2452; x_wconf 89' lang='lat' dir='ltr'><strong>fino</strong></span> <span class='ocrx_word' id='word_1_452' title='bbox 1852 2381 2075 2462; x_wconf 87' lang='lat' dir='ltr'><strong>immediato,</strong></span> <span class='ocrx_word' id='word_1_453' title='bbox 2102 2388 2137 2445; x_wconf 90' lang='lat' dir='ltr'><strong>et</strong></span> 
     </span>
     <span class='ocr_line' id='line_1_71' title="bbox 1150 2478 2136 2578; baseline -0.01 -23"><span class='ocrx_word' id='word_1_454' title='bbox 1150 2486 1268 2556; x_wconf 88' lang='lat' dir='ltr'><strong>iudico</strong></span> <span class='ocrx_word' id='word_1_455' title='bbox 1283 2478 1520 2555; x_wconf 83' lang='lat' dir='ltr'><strong>Bernardum</strong></span> <span class='ocrx_word' id='word_1_456' title='bbox 1539 2485 1634 2570; x_wconf 90' lang='lat' dir='ltr'><strong>salli,</strong></span> <span class='ocrx_word' id='word_1_457' title='bbox 1657 2486 1805 2578; x_wconf 90' lang='lat' dir='ltr'><strong>quodid</strong></span> <span class='ocrx_word' id='word_1_458' title='bbox 1823 2507 1912 2573; x_wconf 91' lang='lat' dir='ltr'><strong>opus</strong></span> <span class='ocrx_word' id='word_1_459' title='bbox 1925 2482 2136 2573; x_wconf 90' lang='lat' dir='ltr'><strong>interpreta-</strong></span> 
     </span>
     <span class='ocr_line' id='line_1_72' title="bbox 1150 2580 2136 2659; baseline -0.01 0"><span class='ocrx_word' id='word_1_460' title='bbox 1150 2603 1208 2659; x_wconf 93' lang='lat' dir='ltr'><strong>tur</strong></span> <span class='ocrx_word' id='word_1_461' title='bbox 1222 2611 1295 2656; x_wconf 90' lang='lat' dir='ltr'><strong>esse</strong></span> <span class='ocrx_word' id='word_1_462' title='bbox 1311 2588 1456 2657; x_wconf 87' lang='lat' dir='ltr'><strong>cultum.</strong></span> <span class='ocrx_word' id='word_1_463' title='bbox 1508 2585 1560 2656; x_wconf 90' lang='lat' dir='ltr'><strong>lta</strong></span> <span class='ocrx_word' id='word_1_464' title='bbox 1575 2587 1604 2655; x_wconf 90' lang='lat' dir='ltr'><strong>si</strong></span> <span class='ocrx_word' id='word_1_465' title='bbox 1620 2580 1751 2654; x_wconf 82' lang='lat' dir='ltr'><strong>Petrus</strong></span> <span class='ocrx_word' id='word_1_466' title='bbox 1765 2584 1954 2656; x_wconf 85' lang='lat' dir='ltr'><strong>constituat</strong></span> <span class='ocrx_word' id='word_1_467' title='bbox 1968 2585 2136 2652; x_wconf 89' lang='lat' dir='ltr'><strong>observa-</strong></span> 
     </span>
     <span class='ocr_line' id='line_1_73' title="bbox 1151 2683 2137 2779; baseline -0.013 -19"><span class='ocrx_word' id='word_1_468' title='bbox 1151 2686 1285 2760; x_wconf 88' lang='lat' dir='ltr'><strong>tionem</strong></span> <span class='ocrx_word' id='word_1_469' title='bbox 1301 2689 1372 2758; x_wconf 88' lang='lat' dir='ltr'><strong>diei</strong></span> <span class='ocrx_word' id='word_1_470' title='bbox 1386 2686 1588 2771; x_wconf 89' lang='lat' dir='ltr'><strong>Dominici‚</strong></span> <span class='ocrx_word' id='word_1_471' title='bbox 1616 2688 1653 2756; x_wconf 92' lang='lat' dir='ltr'><strong>id</strong></span> <span class='ocrx_word' id='word_1_472' title='bbox 1669 2711 1759 2779; x_wconf 92' lang='lat' dir='ltr'><strong>opus</strong></span> <span class='ocrx_word' id='word_1_473' title='bbox 1771 2686 1890 2756; x_wconf 91' lang='lat' dir='ltr'><strong>iudico</strong></span> <span class='ocrx_word' id='word_1_474' title='bbox 1912 2708 1985 2753; x_wconf 92' lang='lat' dir='ltr'><strong>non</strong></span> <span class='ocrx_word' id='word_1_475' title='bbox 2000 2683 2137 2753; x_wconf 86' lang='lat' dir='ltr'><strong>cultum</strong></span> 
     </span>
     <span class='ocr_line' id='line_1_74' title="bbox 1151 2785 2135 2871; baseline -0.01 -11"><span class='ocrx_word' id='word_1_476' title='bbox 1151 2816 1238 2860; x_wconf 90' lang='lat' dir='ltr'><strong>esse:</strong></span> <span class='ocrx_word' id='word_1_477' title='bbox 1273 2793 1332 2859; x_wconf 91' lang='lat' dir='ltr'><strong>sed</strong></span> <span class='ocrx_word' id='word_1_478' title='bbox 1354 2785 1484 2859; x_wconf 90' lang='lat' dir='ltr'><strong>habere</strong></span> <span class='ocrx_word' id='word_1_479' title='bbox 1507 2789 1697 2867; x_wconf 86' lang='lat' dir='ltr'><strong>utilitatem</strong></span> <span class='ocrx_word' id='word_1_480' title='bbox 1720 2812 1760 2858; x_wconf 87' lang='lat' dir='ltr'><strong>co</strong></span> <span class='ocrx_word' id='word_1_481' title='bbox 1806 2788 1957 2871; x_wconf 88' lang='lat' dir='ltr'><strong>oralem,</strong></span> <span class='ocrx_word' id='word_1_482' title='bbox 1985 2798 2027 2854; x_wconf 92' lang='lat' dir='ltr'><strong>ut</strong></span> <span class='ocrx_word' id='word_1_483' title='bbox 2042 2793 2135 2852; x_wconf 88' lang='lat' dir='ltr'><strong>certo</strong></span> 
     </span>
     <span class='ocr_line' id='line_1_75' title="bbox 1151 2876 2138 2982; baseline -0.01 -21"><span class='ocrx_word' id='word_1_484' title='bbox 1151 2894 1208 2962; x_wconf 90' lang='lat' dir='ltr'><strong>die</strong></span> <span class='ocrx_word' id='word_1_485' title='bbox 1233 2891 1418 2961; x_wconf 88' lang='lat' dir='ltr'><strong>conveniat</strong></span> <span class='ocrx_word' id='word_1_486' title='bbox 1439 2891 1601 2982; x_wconf 90' lang='lat' dir='ltr'><strong>populos.</strong></span> <span class='ocrx_word' id='word_1_487' title='bbox 1668 2888 1737 2959; x_wconf 89' lang='lat' dir='ltr'><strong>Sed</strong></span> <span class='ocrx_word' id='word_1_488' title='bbox 1804 2876 1936 2958; x_wconf 84' lang='lat' dir='ltr'><strong>homas</strong></span> <span class='ocrx_word' id='word_1_489' title='bbox 1959 2887 2138 2966; x_wconf 91' lang='lat' dir='ltr'><strong>reclamat,</strong></span> 
     </span>
     <span class='ocr_line' id='line_1_76' title="bbox 1150 2983 2137 3085; baseline -0.011 -23"><span class='ocrx_word' id='word_1_490' title='bbox 1150 2993 1235 3064; x_wconf 88' lang='lat' dir='ltr'><strong>lacit</strong></span> <span class='ocrx_word' id='word_1_491' title='bbox 1249 2993 1367 3063; x_wconf 87' lang='lat' dir='ltr'><strong>cultus</strong></span> <span class='ocrx_word' id='word_1_492' title='bbox 1382 3015 1423 3061; x_wconf 83' lang='lat' dir='ltr'><strong>ex</strong></span> <span class='ocrx_word' id='word_1_493' title='bbox 1437 2986 1494 3060; x_wconf 89' lang='lat' dir='ltr'><strong>his</strong></span> <span class='ocrx_word' id='word_1_494' title='bbox 1515 2986 1857 3085; x_wconf 74' lang='grc' dir='ltr'><strong>ἐθελοθρησκείαις,</strong></span> <span class='ocrx_word' id='word_1_495' title='bbox 1883 2990 1977 3057; x_wconf 89' lang='lat' dir='ltr'><strong>idem</strong></span> <span class='ocrx_word' id='word_1_496' title='bbox 2000 2988 2044 3055; x_wconf 90' lang='lat' dir='ltr'><strong>de</strong></span> <span class='ocrx_word' id='word_1_497' title='bbox 2056 2983 2137 3052; x_wconf 80' lang='lat' dir='ltr'><strong>&#39;Vo-</strong></span> 
     </span>
     <span class='ocr_line' id='line_1_77' title="bbox 1151 3079 2137 3182; baseline -0.014 -18"><span class='ocrx_word' id='word_1_498' title='bbox 1151 3095 1195 3164; x_wconf 88' lang='lat' dir='ltr'><strong>tis</strong></span> <span class='ocrx_word' id='word_1_499' title='bbox 1215 3094 1346 3164; x_wconf 87' lang='lat' dir='ltr'><strong>scribit.</strong></span> <span class='ocrx_word' id='word_1_500' title='bbox 1403 3088 1562 3162; x_wconf 90' lang='lat' dir='ltr'><strong>Obsecro</strong></span> <span class='ocrx_word' id='word_1_501' title='bbox 1587 3105 1620 3160; x_wconf 89' lang='lat' dir='ltr'><strong>te</strong></span> <span class='ocrx_word' id='word_1_502' title='bbox 1641 3116 1686 3160; x_wconf 90' lang='lat' dir='ltr'><strong>ne</strong></span> <span class='ocrx_word' id='word_1_503' title='bbox 1702 3114 1846 3182; x_wconf 81' lang='lat' dir='ltr'><strong>gravere</strong></span> <span class='ocrx_word' id='word_1_504' title='bbox 1864 3113 2001 3158; x_wconf 88' lang='lat' dir='ltr'><strong>mecum</strong></span> <span class='ocrx_word' id='word_1_505' title='bbox 2017 3088 2060 3155; x_wconf 90' lang='lat' dir='ltr'><strong>de</strong></span> <span class='ocrx_word' id='word_1_506' title='bbox 2080 3079 2137 3151; x_wconf 83' lang='lat' dir='ltr'><strong>bis</strong></span> 
     </span>
     <span class='ocr_line' id='line_1_78' title="bbox 1151 3185 2138 3285; baseline -0.01 -21"><span class='ocrx_word' id='word_1_507' title='bbox 1151 3197 1257 3267; x_wconf 89' lang='lat' dir='ltr'><strong>rebus</strong></span> <span class='ocrx_word' id='word_1_508' title='bbox 1275 3195 1495 3263; x_wconf 84' lang='lat' dir='ltr'><strong>confabulari</strong></span> <span class='ocrx_word' id='word_1_509' title='bbox 1509 3218 1572 3285; x_wconf 91' lang='lat' dir='ltr'><strong>per</strong></span> <span class='ocrx_word' id='word_1_510' title='bbox 1586 3195 1716 3267; x_wconf 90' lang='lat' dir='ltr'><strong>literas.</strong></span> <span class='ocrx_word' id='word_1_511' title='bbox 1753 3191 1835 3262; x_wconf 92' lang='lat' dir='ltr'><strong>Non</strong></span> <span class='ocrx_word' id='word_1_512' title='bbox 1852 3192 1947 3265; x_wconf 90' lang='lat' dir='ltr'><strong>enim</strong></span> <span class='ocrx_word' id='word_1_513' title='bbox 1965 3185 2057 3259; x_wconf 87' lang='lat' dir='ltr'><strong>nihil</strong></span> <span class='ocrx_word' id='word_1_514' title='bbox 2072 3185 2138 3255; x_wconf 86' lang='lat' dir='ltr'><strong>ad·-</strong></span> 
     </span>
     <span class='ocr_line' id='line_1_79' title="bbox 1151 3288 2137 3389; baseline -0.007 -23"><span class='ocrx_word' id='word_1_515' title='bbox 1151 3299 1219 3368; x_wconf 86' lang='lat' dir='ltr'><strong>fect</strong></span> <span class='ocrx_word' id='word_1_516' title='bbox 1234 3294 1395 3367; x_wconf 90' lang='lat' dir='ltr'><strong>utilitatis</strong></span> <span class='ocrx_word' id='word_1_517' title='bbox 1410 3290 1496 3365; x_wconf 89' lang='lat' dir='ltr'><strong>haec</strong></span> <span class='ocrx_word' id='word_1_518' title='bbox 1511 3294 1809 3365; x_wconf 89' lang='lat' dir='ltr'><strong>commemoratio.</strong></span> <span class='ocrx_word' id='word_1_519' title='bbox 1868 3291 1956 3389; x_wconf 86' lang='lat' dir='ltr'><strong>Vale</strong></span> <span class='ocrx_word' id='word_1_520' title='bbox 1977 3288 2137 3360; x_wconf 78' lang='lat' dir='ltr'><strong>feliciter.</strong></span> 
     </span>
    </p>
   </div>
   <div class='ocr_carea' id='block_1_20' title="bbox 1151 3392 1689 3490">
    <p class='ocr_par' dir='ltr' id='par_1_22' title="bbox 1151 3392 1689 3490">
     <span class='ocr_line' id='line_1_80' title="bbox 1151 3392 1689 3490; baseline 0 -21"><span class='ocrx_word' id='word_1_521' title='bbox 1151 3397 1213 3473; x_wconf 78' lang='lat'><strong>27.</strong></span> <span class='ocrx_word' id='word_1_522' title='bbox 1232 3396 1326 3467; x_wconf 90' lang='lat' dir='ltr'><strong>lulii.</strong></span> <span class='ocrx_word' id='word_1_523' title='bbox 1351 3392 1550 3490; x_wconf 81' lang='lat' dir='ltr'><strong>Augustae.</strong></span> <span class='ocrx_word' id='word_1_524' title='bbox 1579 3394 1689 3470; x_wconf 79' lang='lat'><strong>1550.</strong></span> 
     </span>
    </p>
   </div>
   <div class='ocr_carea' id='block_1_21' title="bbox 1980 3689 2114 3766">
    <p class='ocr_par' dir='ltr' id='par_1_23' title="bbox 1980 3689 2114 3766">
     <span class='ocr_line' id='line_1_81' title="bbox 1980 3689 2114 3766; baseline -0.075 -3"><span class='ocrx_word' id='word_1_525' title='bbox 1980 3702 2038 3766; x_wconf 80' lang='lat'><strong>27.</strong></span> <span class='ocrx_word' id='word_1_526' title='bbox 2054 3689 2114 3756; x_wconf 89' lang='lat' dir='ltr'><strong>lul.</strong></span> 
     </span>
    </p>
   </div>
   <div class='ocr_carea' id='block_1_22' title="bbox 1957 3782 2131 3817">
    <p class='ocr_par' dir='ltr' id='par_1_24' title="bbox 1957 3782 2131 3817">
     <span class='ocr_line' id='line_1_82' title="bbox 1957 3782 2131 3817; baseline -0.023 0"><span class='ocrx_word' id='word_1_527' title='bbox 1957 3782 2131 3817; x_wconf 55' lang='grc' dir='ltr'><strong>Μ’</strong></span> 
     </span>
    </p>
   </div>
   <div class='ocr_carea' id='block_1_23' title="bbox 1460 3836 1849 3970">
    <p class='ocr_par' dir='ltr' id='par_1_25' title="bbox 1460 3836 1849 3970">
     <span class='ocr_line' id='line_1_83' title="bbox 1460 3836 1849 3970; baseline -0.018 0"><span class='ocrx_word' id='word_1_528' title='bbox 1460 3880 1570 3970; x_wconf 76' lang='lat' dir='ltr'><strong>&#39;Vtto</strong></span> <span class='ocrx_word' id='word_1_529' title='bbox 1603 3836 1849 3967; x_wconf 63' lang='lat' dir='ltr'><strong>teodoro.</strong></span> 
     </span>
    </p>
   </div>
   <div class='ocr_carea' id='block_1_24' title="bbox 1164 3693 1335 3774">
    <p class='ocr_par' dir='ltr' id='par_1_26' title="bbox 1164 3693 1335 3774">
     <span class='ocr_line' id='line_1_84' title="bbox 1164 3693 1335 3774; baseline 0.018 -3"><span class='ocrx_word' id='word_1_530' title='bbox 1164 3700 1231 3773; x_wconf 89' lang='lat' dir='ltr'><strong>No.</strong></span> <span class='ocrx_word' id='word_1_531' title='bbox 1248 3693 1335 3774; x_wconf 82' lang='lat'><strong>805.</strong></span> 
     </span>
    </p>
   </div>
   <div class='ocr_carea' id='block_1_25' title="bbox 1158 3793 1331 3824">
    <p class='ocr_par' dir='ltr' id='par_1_27' title="bbox 1158 3793 1331 3824">
     <span class='ocr_line' id='line_1_85' title="bbox 1158 3793 1331 3824; baseline -0.012 0"><span class='ocrx_word' id='word_1_532' title='bbox 1158 3793 1331 3824; x_wconf 55' lang='lat' dir='ltr'><strong>m</strong></span> 
     </span>
    </p>
   </div>
   <div class='ocr_carea' id='block_1_26' title="bbox 1219 4066 2138 4286">
    <p class='ocr_par' dir='ltr' id='par_1_28' title="bbox 1219 4066 2138 4286">
     <span class='ocr_line' id='line_1_86' title="bbox 1219 4066 2138 4148; baseline -0.012 -13"><span class='ocrx_word' id='word_1_533' title='bbox 1219 4078 1298 4135; x_wconf 79' lang='lat' dir='ltr'><strong>Edtu</strong></span> <span class='ocrx_word' id='word_1_534' title='bbox 1310 4097 1325 4131; x_wconf 86' lang='grc' dir='ltr'><strong>ιι</strong></span> <span class='ocrx_word' id='word_1_535' title='bbox 1336 4077 1446 4132; x_wconf 81' lang='lat' dir='ltr'><strong>l’ezelio</strong></span> <span class='ocrx_word' id='word_1_536' title='bbox 1458 4077 1508 4132; x_wconf 87' lang='lat' dir='ltr'><strong>lib.</strong></span> <span class='ocrx_word' id='word_1_537' title='bbox 1517 4076 1565 4134; x_wconf 91' lang='grc'><strong>111.</strong></span> <span class='ocrx_word' id='word_1_538' title='bbox 1583 4075 1660 4148; x_wconf 82' lang='lat' dir='ltr'><strong>epist.</strong></span> <span class='ocrx_word' id='word_1_539' title='bbox 1668 4095 1694 4147; x_wconf 91' lang='lat' dir='ltr'><strong>p.</strong></span> <span class='ocrx_word' id='word_1_540' title='bbox 1702 4076 1764 4130; x_wconf 75' lang='lat'><strong>259.</strong></span> <span class='ocrx_word' id='word_1_541' title='bbox 1781 4066 2138 4139; x_wconf 80' lang='lat' dir='ltr'><strong>tedit.Lond.lll.ep.176.)</strong></span> 
     </span>
     <span class='ocr_line' id='line_1_87' title="bbox 1254 4138 2137 4217; baseline -0.001 -17"><span class='ocrx_word' id='word_1_542' title='bbox 1254 4176 1290 4193; x_wconf 90' lang='lat'>-</span> <span class='ocrx_word' id='word_1_543' title='bbox 1308 4146 1390 4200; x_wconf 84' lang='lat' dir='ltr'><strong>Nune</strong></span> <span class='ocrx_word' id='word_1_544' title='bbox 1402 4164 1433 4201; x_wconf 85' lang='lat' dir='ltr'><strong>er</strong></span> <span class='ocrx_word' id='word_1_545' title='bbox 1445 4145 1611 4217; x_wconf 77' lang='lat' dir='ltr'><strong>autographo</strong></span> <span class='ocrx_word' id='word_1_546' title='bbox 1622 4147 1682 4217; x_wconf 86' lang='lat' dir='ltr'><strong>ipso</strong></span> <span class='ocrx_word' id='word_1_547' title='bbox 1696 4146 1723 4199; x_wconf 89' lang='lat' dir='ltr'><strong>in</strong></span> <span class='ocrx_word' id='word_1_548' title='bbox 1734 4143 1795 4201; x_wconf 87' lang='lat' dir='ltr'><strong>cod.</strong></span> <span class='ocrx_word' id='word_1_549' title='bbox 1808 4144 1921 4199; x_wconf 79' lang='lat' dir='ltr'><strong>Monac.</strong></span> <span class='ocrx_word' id='word_1_550' title='bbox 1933 4142 1955 4197; x_wconf 80' lang='lat' dir='ltr'><strong>l·</strong></span> <span class='ocrx_word' id='word_1_551' title='bbox 1971 4160 1999 4213; x_wconf 82' lang='lat' dir='ltr'><strong>p.</strong></span> <span class='ocrx_word' id='word_1_552' title='bbox 2012 4138 2137 4199; x_wconf 60' lang='grc'><strong>10018·</strong></span> 
     </span>
     <span class='ocr_line' id='line_1_88' title="bbox 1255 4213 1506 4286; baseline -0.016 -13"><span class='ocrx_word' id='word_1_553' title='bbox 1255 4226 1348 4273; x_wconf 79' lang='lat' dir='ltr'><strong>curate</strong></span> <span class='ocrx_word' id='word_1_554' title='bbox 1362 4213 1506 4286; x_wconf 80' lang='lat' dir='ltr'><strong>descripta.</strong></span> 
     </span>
    </p>
   </div>
   <div class='ocr_carea' id='block_1_27' title="bbox 1223 4345 2074 4470">
    <p class='ocr_par' dir='ltr' id='par_1_29' title="bbox 1223 4345 2074 4470">
     <span class='ocr_line' id='line_1_89' title="bbox 1223 4345 2074 4470; baseline -0.009 -26"><span class='ocrx_word' id='word_1_555' title='bbox 1223 4369 1336 4446; x_wconf 82' lang='lat' dir='ltr'><strong>Vito</strong></span> <span class='ocrx_word' id='word_1_556' title='bbox 1360 4345 1606 4442; x_wconf 77' lang='lat' dir='ltr'><strong>Theodoro</strong></span> <span class='ocrx_word' id='word_1_557' title='bbox 1632 4366 1738 4470; x_wconf 86' lang='lat' dir='ltr'><strong>apud</strong></span> <span class='ocrx_word' id='word_1_558' title='bbox 1761 4361 2030 4441; x_wconf 74' lang='lat' dir='ltr'><strong>Lutlterum.</strong></span> <span class='ocrx_word' id='word_1_559' title='bbox 2047 4363 2074 4463; x_wconf 88' lang='lat'><strong>¹)</strong></span> 
     </span>
    </p>
   </div>
   <div class='ocr_carea' id='block_1_28' title="bbox 1150 4500 2138 5014">
    <p class='ocr_par' dir='ltr' id='par_1_30' title="bbox 1150 4500 2138 5014">
     <span class='ocr_line' id='line_1_90' title="bbox 1150 4500 2138 4619; baseline -0.004 -28"><span class='ocrx_word' id='word_1_560' title='bbox 1150 4500 1193 4594; x_wconf 83' lang='lat' dir='ltr'><strong>S.</strong></span> <span class='ocrx_word' id='word_1_561' title='bbox 1218 4517 1264 4619; x_wconf 72' lang='lat' dir='ltr'><strong>D.</strong></span> <span class='ocrx_word' id='word_1_562' title='bbox 1309 4518 1479 4597; x_wconf 82' lang='lat' dir='ltr'><strong>Medicus</strong></span> <span class='ocrx_word' id='word_1_563' title='bbox 1495 4520 1656 4589; x_wconf 90' lang='lat' dir='ltr'><strong>rescribit</strong></span> <span class='ocrx_word' id='word_1_564' title='bbox 1670 4517 1836 4605; x_wconf 86' lang='lat' dir='ltr'><strong>Ductori,</strong></span> <span class='ocrx_word' id='word_1_565' title='bbox 1866 4518 2064 4589; x_wconf 77' lang='lat' dir='ltr'><strong>arridetur</strong></span> <span class='ocrx_word' id='word_1_566' title='bbox 2080 4541 2138 4587; x_wconf 90' lang='lat' dir='ltr'><strong>re-</strong></span> 
     </span>
     <span class='ocr_line' id='line_1_91' title="bbox 1151 4617 2137 4718; baseline -0.007 -25"><span class='ocrx_word' id='word_1_567' title='bbox 1151 4622 1312 4718; x_wconf 86' lang='lat' dir='ltr'><strong>quirere,</strong></span> <span class='ocrx_word' id='word_1_568' title='bbox 1346 4634 1387 4691; x_wconf 91' lang='lat' dir='ltr'><strong>ut</strong></span> <span class='ocrx_word' id='word_1_569' title='bbox 1408 4617 1543 4693; x_wconf 90' lang='lat' dir='ltr'><strong>Doctor</strong></span> <span class='ocrx_word' id='word_1_570' title='bbox 1563 4622 1719 4693; x_wconf 91' lang='lat' dir='ltr'><strong>remittat</strong></span> <span class='ocrx_word' id='word_1_571' title='bbox 1737 4621 1947 4692; x_wconf 89' lang='lat' dir='ltr'><strong>acerrimum</strong></span> <span class='ocrx_word' id='word_1_572' title='bbox 1969 4618 2137 4702; x_wconf 89' lang='lat' dir='ltr'><strong>studium,</strong></span> 
     </span>
     <span class='ocr_line' id='line_1_92' title="bbox 1152 4718 2136 4805; baseline -0.009 -10"><span class='ocrx_word' id='word_1_573' title='bbox 1152 4726 1248 4795; x_wconf 92' lang='lat' dir='ltr'><strong>unde</strong></span> <span class='ocrx_word' id='word_1_574' title='bbox 1269 4718 1329 4794; x_wconf 72' lang='lat' dir='ltr'><strong>tric</strong></span> <span class='ocrx_word' id='word_1_575' title='bbox 1350 4724 1497 4793; x_wconf 90' lang='lat' dir='ltr'><strong>morbus</strong></span> <span class='ocrx_word' id='word_1_576' title='bbox 1510 4723 1635 4794; x_wconf 84' lang='lat' dir='ltr'><strong>oritur.</strong></span> <span class='ocrx_word' id='word_1_577' title='bbox 1696 4723 1773 4805; x_wconf 78' lang='lat' dir='ltr'><strong>Scis</strong></span> <span class='ocrx_word' id='word_1_578' title='bbox 1794 4722 1983 4794; x_wconf 88' lang='lat' dir='ltr'><strong>Ductorem</strong></span> <span class='ocrx_word' id='word_1_579' title='bbox 1998 4743 2136 4789; x_wconf 90' lang='lat' dir='ltr'><strong>mecum</strong></span> 
     </span>
     <span class='ocr_line' id='line_1_93' title="bbox 1152 4820 2136 4918; baseline -0.007 -22"><span class='ocrx_word' id='word_1_580' title='bbox 1152 4825 1371 4918; x_wconf 83' lang='lat' dir='ltr'><strong>expostulare</strong></span> <span class='ocrx_word' id='word_1_581' title='bbox 1382 4820 1413 4917; x_wconf 76' lang='lat'><strong>²)</strong></span> <span class='ocrx_word' id='word_1_582' title='bbox 1427 4826 1557 4908; x_wconf 89' lang='lat' dir='ltr'><strong>solere,</strong></span> <span class='ocrx_word' id='word_1_583' title='bbox 1591 4827 1686 4918; x_wconf 88' lang='lat' dir='ltr'><strong>quod</strong></span> <span class='ocrx_word' id='word_1_584' title='bbox 1709 4850 1852 4896; x_wconf 88' lang='lat' dir='ltr'><strong>suorum</strong></span> <span class='ocrx_word' id='word_1_585' title='bbox 1869 4832 2136 4916; x_wconf 86' lang='lat' dir='ltr'><strong>praeceptorum</strong></span> 
     </span>
     <span class='ocr_line' id='line_1_94' title="bbox 1152 4924 2135 5014; baseline -0.008 -16"><span class='ocrx_word' id='word_1_586' title='bbox 1152 4931 1196 4998; x_wconf 95' lang='lat' dir='ltr'><strong>de</strong></span> <span class='ocrx_word' id='word_1_587' title='bbox 1210 4927 1363 4997; x_wconf 91' lang='lat' dir='ltr'><strong>curanda</strong></span> <span class='ocrx_word' id='word_1_588' title='bbox 1380 4927 1582 4996; x_wconf 89' lang='lat' dir='ltr'><strong>valetudine</strong></span> <span class='ocrx_word' id='word_1_589' title='bbox 1602 4925 1802 5000; x_wconf 87' lang='lat' dir='ltr'><strong>obliviscor.</strong></span> <span class='ocrx_word' id='word_1_590' title='bbox 1867 4924 1965 4996; x_wconf 86' lang='lat' dir='ltr'><strong>ldern</strong></span> <span class='ocrx_word' id='word_1_591' title='bbox 1990 4926 2034 4991; x_wconf 89' lang='lat' dir='ltr'><strong>de</strong></span> <span class='ocrx_word' id='word_1_592' title='bbox 2057 4925 2135 5014; x_wconf 90' lang='lat' dir='ltr'><strong>ipso</strong></span> 
     </span>
    </p>
   </div>
   <div class='ocr_carea' id='block_1_29' title="bbox 1153 5076 1373 5094">
    <p class='ocr_par' dir='ltr' id='par_1_31' title="bbox 1153 5076 1373 5094">
     <span class='ocr_line' id='line_1_95' title="bbox 1153 5076 1373 5094; baseline 0 -3"><span class='ocrx_word' id='word_1_593' title='bbox 1153 5076 1373 5094; x_wconf 43' lang='lat' dir='ltr'><em>w</em></span> 
     </span>
    </p>
   </div>
   <div class='ocr_carea' id='block_1_30' title="bbox 1185 5161 2145 5321">
    <p class='ocr_par' dir='ltr' id='par_1_32' title="bbox 1185 5161 2145 5321">
     <span class='ocr_line' id='line_1_96' title="bbox 1185 5161 2145 5245; baseline 0.007 -29"><span class='ocrx_word' id='word_1_594' title='bbox 1185 5167 1217 5236; x_wconf 71' lang='grc' dir='ltr'><strong>*ι</strong></span> <span class='ocrx_word' id='word_1_595' title='bbox 1236 5164 1300 5220; x_wconf 86' lang='lat' dir='ltr'><strong>Vid.</strong></span> <span class='ocrx_word' id='word_1_596' title='bbox 1313 5182 1356 5235; x_wconf 91' lang='lat' dir='ltr'><strong>ep.</strong></span> <span class='ocrx_word' id='word_1_597' title='bbox 1368 5161 1477 5218; x_wconf 79' lang='lat' dir='ltr'><strong>botheri</strong></span> <span class='ocrx_word' id='word_1_598' title='bbox 1490 5161 1552 5218; x_wconf 81' lang='lat' dir='ltr'><strong>dd.</strong></span> <span class='ocrx_word' id='word_1_599' title='bbox 1564 5162 1607 5220; x_wconf 84' lang='lat' dir='ltr'><strong>rt.</strong></span> <span class='ocrx_word' id='word_1_600' title='bbox 1620 5162 1669 5220; x_wconf 85' lang='lat' dir='ltr'><strong>lul.</strong></span> <span class='ocrx_word' id='word_1_601' title='bbox 1682 5166 1752 5237; x_wconf 77' lang='lat' dir='ltr'><strong>apud</strong></span> <span class='ocrx_word' id='word_1_602' title='bbox 1766 5165 1800 5220; x_wconf 84' lang='lat' dir='ltr'><strong>de</strong></span> <span class='ocrx_word' id='word_1_603' title='bbox 1810 5162 1907 5221; x_wconf 85' lang='lat' dir='ltr'><strong>Wett.</strong></span> <span class='ocrx_word' id='word_1_604' title='bbox 1922 5164 1968 5222; x_wconf 79' lang='lat' dir='ltr'><strong>lv.</strong></span> <span class='ocrx_word' id='word_1_605' title='bbox 1979 5185 2008 5242; x_wconf 86' lang='lat' dir='ltr'><strong>p.</strong></span> <span class='ocrx_word' id='word_1_606' title='bbox 2022 5169 2081 5226; x_wconf 82' lang='lat' dir='ltr'><strong>tos.</strong></span> <span class='ocrx_word' id='word_1_607' title='bbox 2093 5188 2145 5245; x_wconf 66' lang='grc' dir='ltr'><strong>ις.ι</strong></span> 
     </span>
     <span class='ocr_line' id='line_1_97' title="bbox 1186 5246 2126 5321; baseline -0.004 -12"><span class='ocrx_word' id='word_1_608' title='bbox 1186 5253 1216 5320; x_wconf 92' lang='grc'><strong>1)</strong></span> <span class='ocrx_word' id='word_1_609' title='bbox 1233 5249 1280 5305; x_wconf 82' lang='lat' dir='ltr'><strong>Sis</strong></span> <span class='ocrx_word' id='word_1_610' title='bbox 1292 5246 1479 5321; x_wconf 70' lang='lat' dir='ltr'><strong>autographon</strong></span> <span class='ocrx_word' id='word_1_611' title='bbox 1493 5257 1535 5302; x_wconf 76' lang='lat' dir='ltr'><strong>est</strong></span> <span class='ocrx_word' id='word_1_612' title='bbox 1551 5247 1725 5321; x_wconf 77' lang='lat' dir='ltr'><strong>inscriptum.</strong></span> <span class='ocrx_word' id='word_1_613' title='bbox 2120 5286 2126 5305; x_wconf 90' lang='grc'><strong>-.</strong></span> 
     </span>
    </p>
   </div>
   <div class='ocr_carea' id='block_1_31' title="bbox 1144 5333 1621 5425">
    <p class='ocr_par' dir='ltr' id='par_1_33' title="bbox 1144 5333 1621 5427">
     <span class='ocr_line' id='line_1_98' title="bbox 1144 5333 1621 5425; baseline -0.017 -34"><span class='ocrx_word' id='word_1_614' title='bbox 1144 5418 1148 5425; x_wconf 26' lang='grc' dir='ltr'>Ι</span> <span class='ocrx_word' id='word_1_615' title='bbox 1183 5337 1213 5406; x_wconf 77' lang='grc'><strong>2)</strong></span> <span class='ocrx_word' id='word_1_616' title='bbox 1231 5333 1297 5389; x_wconf 81' lang='lat' dir='ltr'><strong>Pes.</strong></span> <span class='ocrx_word' id='word_1_617' title='bbox 1310 5334 1491 5400; x_wconf 66' lang='lat' dir='ltr'><strong>emaum</strong></span> <span class='ocrx_word' id='word_1_618' title='bbox 1504 5348 1621 5387; x_wconf 70' lang='lat' dir='ltr'><strong>mum.</strong></span> 
     </span>
    </p>
   </div>
   <div class='ocr_carea' id='block_1_32' title="bbox 0 0 2269 5760">
    <p class='ocr_par' dir='ltr' id='par_1_34' title="bbox 0 0 2269 5760">
     <span class='ocr_line' id='line_1_99' title="bbox 0 0 2269 5760; baseline 0 0"><span class='ocrx_word' id='word_1_619' title='bbox 0 0 2269 5760; x_wconf 95' lang='lat' dir='ltr'><strong> </strong></span> 
     </span>
    </p>
   </div>
  </div>
 </body>
</html>
