4522 5760
512 190 983 301 'sersaonanuu-
1012 220 1121 301 mn
1153 222 1219 303 vt
1269 224 1404 305 aare
1900 234 1978 309 m

91 448 99 479 ‚
130 388 269 465 Sectam
285 382 588 493 Anabaptisticarn
605 380 828 487 Diabolicam
852 416 936 479 esse,
984 396 1167 483 bis'jctiam
1185 392 1228 467 τὸ
1252 388 1376 491 μύρον
1390 395 1524 467 Doctor
1541 386 1691 495 (e'ospor¹
1706 398 1880 475 Medicus.
1932 402 1974 475 ld

91 520 176 565 nues
196 490 369 566 haberent
383 494 570 586 opiniones
585 518 692 587 supra
707 496 822 587 ipsum
831 491 944 571 Aua-a
984 496 1068 585 dedi
1081 496 1316 587 ¹‘bibliopolae
1340 498 1589 589 perferendum
1611 502 1655 569 ad
1679 514 1725 575 te.
1789 500 1976 579 Pollicitus

91 601 170 667 ium·
186 594 514 697 perniciosissimas,
562 594 661 667 ¹Ideo
687 588 944 687 ttaglsnnuma.
969 592 1045 693 *est
1057 598 1154 689 enim
1169 593 1268 667 ¹mihi
1294 622 1393 669 suam
1416 612 1452 667 et
1472 600 1578 669 iidem
1599 614 1634 673 et
1653 628 1796 693 operam
1812 630 1850 675 ea
1866 586 1907 675 in
1926 632 1975 679 re.

91 694 260 789 ffitatidne
275 693 365 781 debe
425 688 595 767 obsistere
602 708 635 795 ‚³
645 708 806 793 nectam
827 696 945 781 unius}
967 690 1130 793 ·Npm{5n
1146 704 1202 767 ¹est
1222 692 1346 787 Petro,
1388 696 1613 795 habitatque,
1655 716 1696 773 ut
1718 688 1897 799 intelligo,
1918 712 1973 777 'in

91 720 684 885 ititl'nicelr'oldop'iimoiiip'sldslate,
700 788 945 897 quam-ipsum:
967 792 1189 895 's'Ju’lidlffbano
1212 804 1366 895 quodam
1386 800 1485 889 urbis
1505 810 1658 885 uestrae„
1713 800 1822 875 Eram
1846 794 1973 879 missu-

91 898 238 999 genas?
251 892 508 994 qood³tel⁸tltin
521 890 797 969 'sitssa'Ili'aliolo'
817 890 944 977 ortum?
976 886 1049 995 'rus'
1068 902 1366 993 p'e'r'p'eculiarcm
1379 900 1578 989 nundum,
1615 904 1686 973 nisi
1708 900 1766 975 liic
1789 905 1878 978 mihi
1900 924 1973 981 tam

91 1000 268 1085 lit-viden,
292 1008 379 1093 quas
402 1022 520 1073 secum
541 1012 654 1091 pestes
677 994 802 1073 trahat.
852 994 936 1095 Ple-
971 994 1352 1097 ·sancte''³promisisset.
1415 1000 1580 1073 Medicus
1602 1006 1647 1073 de
1670 1029 1738 1077 usu
1761 1003 1851 1077 mihi
1873 1012 1973 1095 dixit,

91 1100 423 1172 moesMonasticas
438 1096 571 1171 habent
588 1102 773 1193 opiniones
788 1104 833 1195 de
850 1122 936 1193 opc-
984 1104 1107 1187 ma'ne‚
1140 1103 1224 1173 item
1250 1118 1331 1175 ante
1356 1128 1518 1189 coenam,
1551 1106 1715 1177 videlicet
1740 1122 1820 1199 post
1844 1136 1972 1182 conco-

91 1203 179 1272 'itcm
194 1202 376 1272 seditiosas
391 1216 512 1273 contra
528 1202 668 1277 civilem
683 1204 808 1288 vitam3
839 1200 936 1285 item,
984 1204 1153 1290 ctionem,
1185 1208 1391 1295 ungendum
1407 1206 1660 1293 csselalsorans
1682 1210 1881 1279 membrum
1904 1208 1972 1283 lroc

91 1307 99 1373 l
121 1301 215 1373 nilril
238 1305 487 1396 profiteantur,
519 1315 611 1375 certe
631 1318 794 1373 nostrum
818 1315 934 1374 totum
984 1298 1160 1386 remedio,
1192 1307 1335 1393 sedita,
1360 1320 1400 1377 u't
1413 1310 1586 1399 quaedam
1602 1308 1722 1378 mollis
1734 1310 1852 1380 frictio
1869 1338 1971 1404 prae·

91 1406 191 1475 tium·
199 1408 379 1474 damnant.
400 1412 402 1417 '
431 1402 472 1473 ld
493 1428 567 1473 non
587 1404 732 1490 lactari,
760 1402 789 1473 si
806 1402 934 1499 spiritu
978 1408 1113 1501 'cedat-q
1128 1396 1202 1495 ait}
1229 1410 1305 1497 rem'
1321 1408 1514 1478 admodum
1535 1407 1686 1477 calidam
1707 1430 1800 1494 esse,
1833 1428 1871 1501 et
1891 1438 1971 1484 cum

95 1520 310 1597 agerentur,·
332 1506 468 1576 etiamsi
489 1504 529 1575 in
551 1528 623 1577 una
647 1500 944 1577 hacCeremonia·
972 1498 1167 1603 'aperiendi
1181 1500 1257 1579 tum
1273 1500 1472 1579 attrahendi
1489 1522 1609 1579 caussa
1630 1522 1702 1579 tarn
1724 1511 1847 1583 calidis
1867 1528 1972 1585 uten-

91 1622 135 1678 set
151 1609 333 1701 dissensio.
381 1605 565 1679 Damnant
588 1606 672 1676 item
696 1606 945 1681 ministerium¹
984 1597 1182 1679 domasse:
1223 1604 1309 1679 lutee
1338 1608 1421 1681 sunt
1443 1634 1521 1679 meo
1545 1608 1678 1682 iudicio
1700 1610 1847 1711 εὔλογα.
1908 1614 1971 1687 Ait

96 1710 214 1795 verbi5
247 1711 284 1778 id
301 1722 418 1777 autem
433 1708 582 1798 impium
597 1721 631 1777 et
644 1709 851 1779 seditiosum
873 1720 934 1779 cst.
983 1710 1104 1783 mitius
1122 1722 1194 1779 esse
1208 1724 1403 1799 ungentum
1419 1725 1520 1781 antea
1535 1712 1693 1786 missum.
1739 1710 1903 1785 Christus
1919 1720 1972 1787 sa-

91 1834 160 1880 non
175 1810 301 1880 dubito
324 1810 470 1879 suadere
489 1808 775 1899 Magistratibus,
805 1822 848 1879 ut
869 1808 937 1877 ob-
985 1810 1068 1895 ciat‚
1100 1820 1144 1881 ut'
1159 1810 1231 1879 sint
1249 1812 1365 1882 felicia
1385 1812 1558 1896 remedia,
1589 1826 1624 1883 et
1643 1826 1684 1885 ut
1702 1813 1851 1886 feliciter
1872 1842 1973 1889 reva-

91 1911 348 2002 Anabaptistis3
381 1932 512 2001 poenas
528 1906 646 2002 pro¹⁴)
663 1908 936 1981 circumstantiis
984 1912 1092 1982 lescat
1105 1926 1203 2003 puer.

91 2016 265 2081 noderare
279 2013 384 2081 etiarn
400 2009 548 2097 suadeo,
573 2013 738 2105 idemque
747 2007 787 2109 ¹⁸)
802 2024 843 2081 ut
854 2032 936 2079 sua·
1083 2000 1138 2081 De
1152 2004 1306 2107 Gygaeo
1323 2010 1524 2083 fabulosum
1540 2026 1607 2100 est,
1632 2016 1729 2109 quod
1746 2016 1790 2085 de
1810 2020 1970 2089 adultero

91 2113 416 2205 isMagistratibus,
448 2126 482 2182 te
497 2112 602 2183 etiam
617 2126 722 2206 atque
744 2112 849 2182 etiam
871 2112 937 2179 ad·
983 2112 1173 2183 ferebatur.
1222 2112 1345 2203 Pugna
1366 2112 1460 2182 inter
1482 2131 1646 2205 cognatos
1660 2114 1844 2188 'Romanos
1866 2121 1972 2192 etiam

91 2278 93 2289 .
126 2228 160 2285 et
183 2228 326 2307 precor,
361 2228 401 2284 ut
420 2210 582 2285 Cltristus
602 2216 717 2285 lavent
738 2228 799 2284 tuo
819 2210 935 2283 Mini-
984 2240 1059 2283 non
1091 2236 1202 2307 usque
1233 2216 1320 2283 adeo
1351 2228 1452 2284 atrox
1482 2214 1569 2299 fuit,
1601 2230 1642 2287 ut
1671 2218 1860 2294 ferebatur.
1918 2220 1973 2291 De

91 2340 180 2409 eque
201 2318 385 2406 gubernet.
431 2316 553 2401 Habes
572 2338 647 2385 non
672 2315 787 2385 solum
806 2322 937 2395 meam,
957 2370 962 2383 .
984 2316 1089 2409 Publ.
1115 2318 1221 2387 rebus
1244 2316 1337 2407 apud
1360 2338 1426 2387 nos
1443 2324 1539 2409 nun'c
1560 2318 1691 2387 mirum
1711 2318 1893 2391 silentium
1911 2336 1973 2395 est.

91 2420 195 2487 nium
220 2430 426 2487 nostrorum
445 2417 656 2487 sententiam
679 2416 723 2485 de
739 2412 948 2505 Anabapti-¹
985 2412 1064 2487 Etsi
1085 2416 1180 2485 enim
1202 2416 1355 2484 sciebam
1373 2410 1443 2487 τὸν
1457 2412 1664 2489 Μακεδόνα
1687 2418 1819 2513 aliquid
1836 2424 1974 2503 moliri,

91 2520 232 2591 lucrum
245 2514 336 2587 milri
356 2540 437 2587 cum
461 2518 583 2587 multis
606 2514 672 2587 lrac
696 2518 739 2585 de
760 2540 799 2585 re
824 2528 937 2585 certa-
986 2528 1105 2589 tamen
1126 2514 1266 2588 obsidio
1289 2510 1526 2585 Monosterr'i
1545 2518 1591 2587 in·
1605 2518 1793 2591 Vestivalis
1815 2538 1975 2594 moratur

126 2620 219 2690 Vide
248 2642 378 2713 quaeso
410 2612 575 2689 Latiari
605 2618 865 2688 enarrationem
899 2616 937 2685 in
987 2642 1079 2692 error.
1138 2618 1356 2689 Fabulosum
1384 2634 1419 2689 et
1444 2618 1535 2689 illud
1564 2630 1667 2709 put'o,
1707 2626 1973 2717 quodquidam

92 2747 131 2791 m
948 2792 950 2797 ,
988 2718 1104 2813 in'iqui
1139 2718 1270 2791 nostris
1305 2730 1475 2810 spargunt
1501 2712 1737 2791 Geldrmsem
1768 2724 1974 2795 invasurum

101 2829 184 2890 Deus
199 2832 284 2890 stetit
301 2832 331 2889 in
346 2826 509 2909 synogoga
521 2828 662 2891 Deorum.
743 2816 749 2831 '
948 2904 951 2911 Ι
988 2822 1160 2891 ditionem
1183 2818 1367 2891 Cattorum
1390 2834 1570 2913 praetextu
1591 2846 1733 2895 caussae
1756 2819 1973 2897 Missensis.

91 2926 124 2994 bi
145 2926 447 3016 persuasissimum
469 2946 559 3009 esse,
590 2946 647 2993 me
668 2934 704 2991 et
723 2921 777 2991 tui
802 2932 836 2991 et
857 2934 939 2991 tuo-
987 2919 1035 2993 Et
1048 2936 1090 2991 ut
1103 2946 1226 3011 serram
1242 2922 1298 3007 sit,
1316 2924 1407 2993 bene
1427 2946 1528 3013 spero
1544 2919 1627 3015 περὶ
1641 2920 1878 3012 Μακεδόνος,
1904 2930 1975 2999 sata

91 3027 245 3094 nieorum
264 3048 337 3093 esse
355 3026 653 3107 amantissimum,
685 3018 748 3093 καὶ
772 3017 862 3117 ὁρᾶς
882 3016 936 3092 ὅτι
988 3022 1172 3115 ci'prolixe
1188 3024 1419 3113 promittunt,
1454 3046 1518 3092 ncc
1539 3026 1742 3115 oppriment
1762 3022 1818 3096 his
1840 3026 1976 3099 technis

93 3122 208 3219 tdopni
223 3122 339 3218 ὑμᾶς,
374 3126 458 3197 οὔτε
478 3120 693 3222 δυσφημίας
711 3120 793 3219 περὶ
815 3118 936 3215 ὑμῶν,
988 3146 1144 3195 caussam
1166 3122 1348 3213 religionis
1367 3121 1403 3195 οἱ
1423 3120 1640 3217 τυραννικοὶ
1663 3122 1851 3219 ἀρχιερεῖς.
1900 3126 1975 3199 Ex-

92 3225 128 3297 8'
154 3224 263 3319 ὑμῶν
285 3224 390 3325 λε’γω.
442 3226 490 3299 Et
511 3225 669 3297 fortassis
690 3220 750 3293 laic
774 3220 938 3317 armus¹⁷)
988 3240 1087 3318 pecto
1111 3224 1246 3311 litteras
1266 3237 1345 3294 tuas
1364 3226 1528 3294 derebus
1547 3226 1713 3297 omnihus
1730 3232 1863 3301 vestris.
1916 3232 1974 3299 Si-

95 3331 313 3399 occasionem
347 3330 574 3422 colloquendi
598 3322 681 3419 περὶ
716 3319 938 3424 dastidium
988 3324 1169 3417 gnificabis
1185 3339 1302 3395 autem
1319 3320 1428 3411 mihi,
1460 3348 1504 3393 an
1520 3342 1699 3421 utrunque
1713 3332 1907 3399 remedium
1930 3334 1973 3399 ad

91 3431 126 3499 lit
144 3432 239 3498 enim
263 3452 388 3517 magna
411 3454 529 3499 rerum
553 3428 702 3497 mutatio
727 3428 766 3495 in
787 3424 939 3496 Germa-
987 3422 1247 3520 tepervenerit.
1297 3424 1395 3495 Bene
1421 3450 1460 3495 ac
1484 3426 1634 3497 feliciter
1656 3431 1743 3498 vale.
1795 3428 1892 3501 Tuas
1917 3432 1977 3503 lit·

91 3532 192 3599 Doleo
219 3523 427 3599 Latiarum
460 3554 632 3599 renovare
655 3544 831 3597 certamen
857 3536 938 3596 cum
988 3542 1078 3599 teras
1094 3530 1229 3619 accepi,
1255 3552 1295 3595 cx
1310 3528 1440 3620 quibus
1454 3526 1631 3614 intellexi,
1664 3534 1706 3599 ad
1724 3544 1758 3600 te
1777 3534 1975 3623 pervenisse

91 3652 127 3700 Γο.
192 3632 262 3702 Sed
287 3633 391 3703 video
416 3629 501 3702 llaec
523 3654 597 3701 esse
619 3631 725 3721 plane
750 3625 939 3727 ἀναγκαῖα
987 3630 1252 3721 responsionem
1277 3632 1433 3697 nostr'am
1453 3618 1536 3723 περὶ
1557 3628 1622 3723 ’τῆς
1642 3628 1796 3716 θέσεως,
1830 3636 1874 3701 de
1906 3660 1974 3727 qua

112 3730 209 3801 Bene
231 3734 309 3801 vale
328 3758 368 3803 ac
388 3758 445 3803 me
465 3754 561 3818 ama;
583 3736 621 3802 'ct
637 3731 808 3803 rescribe·
829 3726 939 3815 1654,
988 3748 1088 3801 nunc·
1103 3746 1177 3799 uon
1190 3730 1400 3821 disputabo,
1423 3744 1561 3801 tautum
1575 3754 1700 3823 precor
1712 3728 1912 3819 Christum,
1936 3750 1976 3805 ut

91 3834 139 3903 ica
155 3832 314 3903 Laetare.
952 3866 955 3873 ·
989 3834 1056 3902 tud
1073 3830 1220 3901 consilia
1245 3828 1418 3921 gubernet
1441 3832 1655 3903 ad'sa'luteni
1676 3842 1785 3907 tuam.
1842 3834 1975 3906 lterum

509 3944 512 3949 '
635 3927 891 4023 †Phitippus.”
988 3935 1066 4003 vale
1080 3930 1241 4007 feliciter.
1266 3930 1329 4001 Xl.
1345 3930 1421 4006 Cal.
1436 3930 1551 4022 April.

672 4072 675 4077 ·
1078 4042 1082 4049 '
1728 4030 1924 4118 Φίλιππος.

91 4184 145 4261 76,
738 4254 741 4261 ,
765 4194 822 4254 22.
840 4184 929 4247 Mart.

91 4282 131 4308 b·
762 4274 934 4305 Μ

992 4248 1335 4273 m·-

229 4332 374 4418 ΙοαεΙι.
407 4332 665 4419 Camerario.

91 4486 107 4533 t.
123 4477 157 4532 ad
176 4473 315 4530 Camerar.
333 4494 361 4545 p.
374 4474 425 4529 221
438 4494 498 4549 sqq.

1799 4500 1971 4530 Μ

91 4618 218 4717 >ptimo
249 4614 279 4687 I
282 4611 491 4687 oachimo
522 4606 798 4687 Camerario
824 4608 941 4685 'Boas
1412 4568 1586 4697 Eidem(
1666 4614 1669 4619 ’

282 4717 400 4790 amico
424 4742 492 4789 suo
517 4742 611 4794 sum.
1059 4751 1144 4825 ερει.
1161 4752 1194 4807 ιε
1213 4752 1352 4807 omasi.
1371 4748 1461 4819 pass
1473 4768 1515 4821 sq.

118 4839 350 4933 Posteaquam
366 4852 562 4927 ungentum
577 4838 622 4907 ad
641 4850 674 4906 te
689 4834 788 4921 misi,
810 4834 941 4929 dequo

101 4942 184 5011 dedi
200 4942 272 5010 filio
287 4932 498 5011 Michaelis
516 4928 715 5017 Codensr's,
742 4937 861 5007 attulit
874 4959 942 5005 no-
993 4904 1092 4987 Vim
1113 4907 1251 5009 ’οΡῙῖΜο
1277 4900 1522 5025 Ῑθαξῇἷφθ
1547 4900 1824 4979 θΜΜΝὈ
1856 4906 1976 4981 Bum-

91 5066 169 5079 --
958 5040 961 5047 ·
1206 5008 1370 5103 bergense
1386 5033 1504 5109 amico
1520 5034 1588 5081 suo
1603 5034 1764 5091 sommo,
1884 5030 1890 5035 ·

91 5120 298 5275 3:222?
315 5138 353 5171 ‘²
366 5120 506 5171 ‘'mm‘'
805 5188 812 5203 ι
891 5192 895 5197 -
991 5124 1039 5215 S.
1064 5140 1110 5217 D.
1161 5140 1235 5211 lam
1251 5142 1417 5210 dederam
1431 5141 1558 5225 alteras
1577 5144 1611 5213 ci
1626 5143 1818 5225 litterasad
1838 5156 1889 5227 te,
1919 5147 1977 5217 cui

91 5288 142 5343 av.
159 5292 215 5341 aaa
629 5248 634 5259 “
786 5260 789 5265 ’
993 5245 1188 5314 remedium
1209 5244 1457 5335 perferendum
1478 5244 1630 5333 tradidi²
1657 5268 1738 5314 cum
1759 5244 1859 5315 uenit
1875 5238 1978 5315 Pau-

91 5372 279 5427 hmmmuc.
436 5402 440 5409 -
708 5424 713 5433 ,
995 5342 1055 5416 lus
1071 5342 1218 5413 Eberus
1231 5346 1362 5429 adme,
1391 5368 1432 5414 ac
1452 5358 1570 5434 rogat,
1602 5358 1643 5415 ut
1658 5370 1721 5445 sua
1735 5347 1852 5417 studia
1867 5372 1907 5417 ac
1923 5372 1978 5419 sa-

91 5476 136 5516 ru.
161 5451 266 5517 Orrn.
308 5450 392 5515 Vos.
416 5449 458 5517 Π.
1154 5443 1205 5515 46
1325 5506 1327 5510 .
