4522 5760
107 186 162 261 20
688 178 1135 260 EPISTOLAMJM
1185 178 1295 261 utu.
1328 184 1373 257 V.
1426 180 1557 261 1530.
2087 170 2139 253 60

109 378 248 430 amma
268 354 350 431 cum
381 356 495 431 lande
512 360 706 429 modestiae
731 350 780 429 ae*
799 348 1023 444 diligentiae,¹
1059 376 1101 423 ac
1150 350 1275 427 censeo
1296 357 1533 429 consulendos
1557 378 1647 428 esse·
1702 354 1798 429 Sunt·
1814 366 1850 427 et
1882 354 1972 425 aliae
2003 370 2139 437 musae,

109 454 204 529 mihi
222 462 372 555 quidem
395 460 582 553 profecisse
603 458 739 553 aliquid
764 459 915 529 viduor.
966 454 1039 527 Sed
1055 457 1102 525 de
1150 480 1215 527 cnr
1240 471 1399 528 veterum
1432 460 1634 529 testimonia
1665 481 1740 527 non
1772 470 2009 527 contemnam.
2061 448 2137 523 Ex·

108 560 272 653 profectu
305 577 407 633 tuum
422 564 507 634 ·erit
539 560 722 633 iudicium.
796 554 892 629 lllud
925 556 1102 649 praedico,
1151 558 1271 629 istimo
1290 560 1404 644 enim,
1437 555 1505 630 hoc
1520 561 1755 631 communiter
1768 559 1915 629 sensisse
1932 554 2138 640 Ecclesiam,

108 664 226 757 quod,
255 664 419 754 religiose
442 665 602 735 dicturus
624 662 883 744 testimonium,
914 659 954 729 in
968 656 1101 729 iudicio
1151 662 1249 753 quod
1276 661 1336 730 isti
1360 663 1587 753 scripserunt.
1650 658 1773 753 Neque
1795 684 1880 730 vero
1902 672 2018 729 tutum
2043 670 2137 728 esta

107 765 290 835 affirmem
305 788 450 859 queam,
481 761 575 835 nihil
597 760 655 836 hie
677 764 801 835 fecisse
817 761 1007 851 indignum
1023 782 1102 827 mo-
1151 763 1332 831 communi
1362 765 1535 833 sententia
1571 752 1700 835 veteris
1733 759 1909 832 Ecclesiae
1947 761 2137 841 discedere.

108 868 212 935 desto
230 890 273 937 ac
289 869 447 936 studioso
464 862 684 937 scholastico.
734 863 825 935 Cum
845 875 963 932 autem
986 882 1102 931 mores
1152 860 1375 950 Quibusdam
1391 866 1493 935 valde
1508 861 1649 935 hebetes
1663 864 1848 947 videmur,
1878 863 1975 957 quod
1997 863 2036 930 in
2058 882 2138 929 ver-

109 966 186 1038 sint
202 962 427 1054 huiusmodi,
455 967 557 1037 dabis
572 990 731 1059 operam,
762 980 804 1035 ut
822 965 860 1035 in
877 962 1004 1034 studiis
1020 962 1101 1030 lite·
1152 965 1207 1032 bis
1217 962 1415 1054 Evangelii,
1438 962 1541 1037 HOC
1553 965 1648 1037 EST
1660 961 1856 1036 CORPUS
1870 960 2039 1048 MEUM,
2062 984 2138 1031 non

107 1090 235 1138 aarum
248 1069 455 1142 retineatur.
506 1068 617 1139 Vides
629 1068 726 1138 enim
737 1067 842 1138 bonis
856 1065 1023 1135 omnibus
1035 1058 1103 1131 hoc
1151 1065 1332 1136 videamus
1347 1064 1606 1160 metaphoram,
1640 1091 1705 1137 nec
1719 1067 1974 1154 intelligamus,
2006 1086 2072 1132 nos
2092 1064 2138 1134 ab

111 1182 273 1261 tempore
287 1174 519 1262 pugnandum
536 1194 627 1249 esse,
653 1183 693 1247 ut
708 1172 803 1239 bona
817 1167 958 1256 ingenia
975 1179 1009 1234 et
1025 1188 1104 1233 mo·
1152 1167 1303 1238 infinitis
1321 1170 1586 1261 quaestionibus
1606 1168 1715 1239 unius
1728 1168 1899 1239 beneficio
1913 1160 2139 1258 metaphorae

111 1271 235 1339 derata
252 1271 472 1361 retineantur
489 1274 527 1342 in
544 1269 671 1342 studiis
684 1285 828 1363 propter
843 1267 1018 1359 rempubl.
1033 1263 1103 1335 Ca·
1154 1268 1308 1342 liberari.
1335 1268 1487 1341 Videtur
1501 1271 1637 1341 insania
1653 1294 1736 1355 esse,
1753 1270 1962 1340 sententiam
1978 1267 2140 1337 omniurn

109 1371 274 1442 lumniae
289 1366 480 1468 Campani
496 1374 609 1445 editae
621 1386 724 1456 sunt,
757 1390 946 1463 quoscum
972 1366 1103 1437 videris
1153 1370 1258 1459 longe
1274 1372 1562 1441 absurdissimam
1574 1373 1755 1443 mordicus
1771 1385 1912 1453 tenere,
1939 1393 2019 1440 cum
2033 1368 2140 1438 aliam

111 1486 289 1565 quantum
313 1476 430 1560 mali,
456 1498 545 1569 (pros
567 1488 684 1544 motus
706 1473 884 1565 pariturae
903 1471 1104 1551 videantur,
1153 1472 1472 1543 commodissimam
1488 1476 1614 1545 offerat
1632 1469 1849 1565 metaphora.
1898 1468 1948 1541 Hi
1963 1469 2141 1541 desidera·

111 1572 217 1643 facile
240 1577 428 1666 intelliges.
490 1574 645 1647 Incurrit
668 1576 707 1642 in
730 1590 853 1643 omnes
875 1573 951 1641 sine
979 1569 1104 1640 discri-
1155 1573 1245 1643 bunt
1261 1573 1300 1641 in
1315 1575 1555 1647 meludicium
1574 1571 1771 1661 bisetium,
1804 1575 1898 1667 quod
1917 1574 1953 1642 in
1970 1567 2026 1641 his
2042 1570 2142 1643 testi-

110 1675 224 1749 minc.
273 1676 387 1747 Nemo
401 1678 595 1769 quidquam
611 1691 704 1746 recte
717 1676 818 1759 dixit,
844 1687 980 1766 praeter
990 1694 1103 1743 unum
1153 1675 1285 1744 moniis
1307 1668 1517 1769 hyperbolae
1540 1692 1573 1747 et
1595 1677 1780 1768 allegorias
1802 1700 1877 1745 non
1899 1668 2142 1766 deprehende·-
2183 1750 2187 1758 ,

114 1770 212 1845 hunc
235 1770 402 1847 Thaleta
426 1772 673 1874 Conapnnnm.
732 1775 800 1847 Sed
828 1772 986 1866 privatae
1008 1772 1105 1840 iniu-
1154 1776 1234 1845 rim.
1285 1773 1361 1867 Ego
1377 1802 1459 1848 vero
1475 1772 1549 1848 non
1567 1780 1692 1868 ignoro
1718 1774 1804 1847 haec
1823 1772 1925 1872 σοφὰ
1945 1768 2140 1872 φάρμακα,

113 1876 188 1946 riae
202 1879 306 1948 facile
325 1881 539 1951 dissimulari
554 1904 573 1949 a
590 1879 693 1948 nobis
709 1892 865 1970 possunt.
915 1874 990 1944 l'os
1006 1875 1106 1952 vide-
1156 1874 1318 1947 utPo'e‘ta
1336 1893 1437 1948 vocat
1445 1934 1456 1967 ,
1485 1881 1615 1974 quibus
1628 1880 1850 1949 medicantur
1867 1874 1931 1946 has
1950 1875 2142 1947 sententias

113 1978 194 2048 ritis
216 1988 340 2051 utrum
353 1979 529 2051 Ecclesiae
546 1977 614 2051 hoc
627 2004 735 2070 gernirs
748 1979 1005 2048 calumniarum
1020 1998 1106 2067 pro*
1155 1978 1228 2048 alii.
1281 1977 1413 2050 Verum
1437 1982 1523 2075 quid
1547 2006 1621 2051 non
1645 1981 1776 2073 poterit
1790 1980 1887 2049 eludi
1902 1974 1967 2049 hac
1986 1991 2080 2063 arte,
2110 1976 2144 2047 si

115 2080 348 2155 loturumsit.
398 2080 496 2151 Bene
510 2080 603 2165 vale,
628 2104 753 2173 rareque
768 2081 860 2150 inter
874 2102 934 2148 eos
947 2100 1105 2160 numera,
1155 2080 1277 2149 licebit
1289 2082 1475 2171 allegorias
1487 2083 1708 2153 comminisci
1721 2096 1843 2153 nostro
1857 2080 2016 2152 arbitrio.
2048 2076 2144 2168 Qni-

115 2181 178 2275 qui
191 2183 247 2251 tui
262 2183 482 2276 cupidissimi
501 2209 539 2253 ac
555 2181 802 2254 studiosissimi
817 2194 911 2253 sunt.
1155 2182 1238 2250 dam
1253 2182 1348 2251 euim
1364 2185 1483 2254 callidi
1500 2180 1663 2255 homines
1680 2200 1787 2257 totam
1809 2182 1990 2273 religionis
2011 2180 2144 2251 doctri-

1016 2274 1020 2281 ’
1157 2306 1239 2353 nam
1265 2278 1331 2352 hoc
1354 2287 1459 2355 modo
1483 2288 1780 2358 transformarunt
1801 2286 1839 2353 in
1862 2276 2146 2375 Philosophiam.

1157 2380 1234 2474 Ego
1254 2379 1318 2452 has
1337 2387 1528 2457 sententias
1552 2403 1734 2459 auctorum
1751 2388 1826 2455 sine
1841 2384 2057 2475 glossematis
2073 2406 2144 2452 nu-

1157 2487 1221 2557 das
1244 2489 1430 2578 proposui,
1456 2502 1497 2559 ut
1519 2490 1690 2559 iudicium
1710 2488 1864 2558 candido
1886 2486 2010 2557 lectori
2032 2484 2144 2554 relin-

1159 2611 1321 2680 querem,
1349 2603 1470 2659 utrum
1483 2592 1527 2660 de
1542 2592 1718 2683 corporali
1730 2589 1928 2681 praesentia
1942 2588 2145 2681 loquantur,

1159 2714 1205 2758 an
1236 2692 1280 2759 de
1312 2692 1386 2761 sola
1419 2693 1582 2767 efficacia.
1638 2690 1717 2782 Ego
1744 2692 1887 2785 quidem
1912 2703 2044 2774 statuo,
2086 2709 2144 2757 eas

1159 2793 1276 2884 ῥητῶς
1288 2806 1502 2879 asseverare,
1536 2795 1630 2888 quod
1648 2817 1776 2885 corpus
1789 2790 1939 2862 Domini
1957 2813 2040 2859 vere
2061 2788 2145 2860 assit

188 2930 309 3005 Epistola
324 2930 521 3002 nuncupatoria
536 2929 565 2985 in
584 2930 700 2984 librumr
723 2930 901 3014 ²‚Sententiae
915 2944 1035 2988 veterum
1055 2932 1108 2989 ali·
1159 2894 1196 2961 in
1215 2916 1323 2963 coena
1339 2896 1530 2970 ‘iminica‘

263 3008 293 3053 ot
312 3003 476 3069 scriptorum
496 2998 530 3050 cle
550 3016 635 3052 coena
656 2999 778 3064 dommi,
809 3002 882 3055 bona
901 3002 953 3057 side
973 3005 1108 3060 recitatas.
1260 2992 1437 3067 Nonnulli
1466 2999 1543 3067 sine
1571 2996 1722 3070 delectu
1737 2996 1931 3067 maximum
1956 3016 2146 3063 numerum

224 3065 1109 3208 ⁸1thlllls'elgievll'llllpll‘ellfxlfffioliiqgiiixiss'ssfffi
1159 3097 1442 3169 testimoniorum
1467 3114 1736 3188 congesserunt,
1768 3099 1808 3167 in
1827 3097 1957 3191 quibus
1979 3096 2147 3187 pleraque
2188 3138 2197 3151 ,

127 3230 133 3235 -
226 3205 368 3262 temate
384 3203 467 3276 opp·
506 3203 604 3256 stanna.
625 3203 706 3259 nait.
746 3208 790 3264 .1.
809 3207 951 3279 ptstsq.
969 3210 998 3263 tn
1014 3210 1109 3267 oeco-
1160 3200 1423 3290 suntambigua
1438 3202 1645 3276 etobscura.
1696 3200 1770 3271 Nos
1793 3212 1932 3270 tantum
1954 3220 1994 3266 ea
2020 3195 2145 3265 recita-

190 3274 352 3399 ellat?
364 3271 647 3411 illlllfllllfh
663 3276 1109 3412 ‘instititltfl‘llntli‘l
1159 3303 1293 3387 vimus,
1323 3326 1413 3394 qua.
1434 3303 1648 3375 visebantur
1668 3326 1744 3373 0⁸⁵0
1764 3326 1870 3396 auam
1889 3298 2042 3369 maxime
2065 3316 2148 3388 per-

218 3412 352 3467 arvam.
378 3412 474 3482 „uon
488 3410 628 3466 ttntnct
641 3414 685 3467 tes
698 3414 791 3477 omn.
828 3414 1050 3482 dtttneetsriirte
1067 3423 1109 3477 tet
1160 3402 1289 3495 spicua.
1341 3395 1518 3498 Origenes
1540 3406 1634 3478 ludit
1656 3430 1721 3477 suo
1743 3426 1842 3474 more
1864 3400 2057 3491 allegoriis,
2082 3420 2149 3468 nec

222 3479 614 3674 nullahala'ffilllfflnffiw
632 3482 1108 3638 ‘iallffffiffiffgfflg‘lssffi
1159 3504 1355 3597 quidquam
1381 3530 1422 3577 ex
1444 3533 1484 3577 eo
1506 3510 1592 3579 certi
1614 3520 1728 3599 potest
1750 3504 1882 3595 colligi.
1932 3501 2041 3592 Apud
2055 3497 2147 3569 Hie

251 3612 378 3684 edidit,
394 3616 484 3669 nasim
499 3626 560 3686 pon
571 3614 739 3686 colloquium
751 3616 850 3673 Marso
868 3622 946 3673 ‘cnse
961 3620 1108 3696 collegae,
1160 3629 1353 3700 ronymum
1369 3621 1489 3680 extant
1509 3610 1765 3704 loci'quidam‚
1795 3606 1876 3699 qui,
1908 3617 1949 3674 nt
1974 3627 2048 3671 non
2071 3626 2147 3671 ma-

224 3685 374 3829 qqppbpupp
385 3686 843 3811 thhl‘hflma'llhallhnhlhlhuferi
863 3689 1108 3825 ''popdsposnopppiq
1159 3730 1314 3799 &uouere
1329 3712 1495 3782 muniant
1510 3726 1666 3782 nostram
1682 3707 1915 3790 sententiam,
1949 3718 2067 3774 tamen
2083 3704 2148 3773 ad-

212 3826 217 3835 '
255 3819 540 3901 umrelerendasint,
562 3819 1107 3903 illutpostillaeomntatatueenpeo-
1160 3811 1323 3883 versariis
1347 3810 1439 3883 nihil
1458 3815 1736 3904 patrocinantur.
1799 3806 1905 3900 Apud
1930 3801 2147 3879 Nazianze-

244 3892 326 3946 tinet.
1160 3936 1247 3983 num
1267 3913 1402 3985 nnllam
1425 3915 1507 3985 satis
1526 3916 1656 3987 claram
1677 3911 1889 3991 seutentiam
1909 3904 2035 3999 reperi.
2091 3902 2147 3979 Ex

141 4042 299 4123 ,Phili
369 4074 421 4119 μς
447 4042 798 4121 Melancmhon
824 4046 1046 4129 pun-duic
1158 4010 1311 4084 Basilio
1345 4017 1427 4088 citat
1451 4009 1663 4087 Gracinnus
1695 4017 1813 4086 locum
1847 4012 2042 4106 quendam,
2083 4005 2170 4117 qui-

275 4072 360 4211 ,ΡΡ
432 4146 490 4221 M
489 4174 572 4247 7⁶⁰
579 4148 658 4221 „50
689 4146 729 4222 S,
744 4147 799 4224 D·
930 4132 933 4137 '
1054 4082 1077 4131 ⁰
1160 4131 1251 4186 certe
1270 4140 1343 4189 non
1359 4121 1564 4191 adversatur
1580 4113 1944 4190 nostrae'sententiae.
1992 4105 2147 4209 Damn-

1159 4240 1303 4286 seenum
1334 4243 1406 4289 non
1436 4221 1624 4311 adscripsi,
1662 4218 1725 4312 qui
1751 4236 1909 4288 nostram
1937 4214 2146 4283 sententiam

124 4281 236 4374 Mitto
254 4301 321 4372 tibi
337 4301 434 4371 loros
449 4314 608 4372 veterum
622 4300 833 4393 scriptorum
851 4307 895 4374 de
908 4330 1017 4377 coena
1033 4306 1109 4381 Do-
1160 4320 1299 4413 copiose
1320 4323 1490 4398 defendit.
1548 4319 1597 4393 Et
1620 4342 1823 4415 quanquam
1851 4340 1926 4386 non
1952 4314 2146 4384 admodum

122 4406 227 4489 mini,
259 4417 301 4474 ut
323 4403 490 4497 promisi,
521 4404 584 4495 qui
600 4416 791 4488 testantur,
822 4404 905 4476 illos
919 4407 1014 4478 idem
1028 4435 1108 4481 sen·
1158 4435 1258 4490 vetus
1283 4422 1433 4514 scriptor
1458 4449 1532 4494 esse
1553 4424 1738 4505 videatur,
1772 4435 1890 4492 tamen
1911 4417 2041 4510 opinor
2064 4438 2145 4483 enm

121 4509 225 4591 sisse,
264 4507 362 4597 quod
387 4526 452 4573 ¹¹0⁸
475 4504 663 4584 sentimus,
702 4505 884 4592 videlicet,
924 4534 1051 4604 corpus
1074 4528 1109 4584 et
1158 4522 1334 4613 scripsisse
1366 4520 1453 4609 hoc,
1490 4528 1585 4621 qnod
1619 4526 1682 4594 diu
1715 4526 1786 4592 iam
1816 4531 1971 4589 senserat
2002 4517 2144 4609 publice

120 4608 330 4699 nnguiuem
344 4604 495 4676 Domini
507 4628 589 4673 vere
602 4608 723 4675 adme
735 4607 774 4675 in
789 4632 898 4679 coena
918 4612 1107 4690 dominica.
1157 4620 1293 4694 Graeca
1308 4620 1474 4702 Ecclesia.
1525 4624 1730 4697 Bessnrion
1746 4623 1940 4695 multorum
1957 4630 2141 4688 erectorum

119 4708 339 4803 Quanquam
360 4720 479 4777 autem
501 4706 587 4777 fides
608 4731 682 4776 non
705 4711 857 4800 pendeat
877 4713 922 4782 ab
952 4710 1106 4788 humana
1156 4725 1303 4794 nomina
1323 4745 1498 4815 recenset,
1537 4738 1641 4823 quem
1665 4726 1816 4819 optarim
1845 4722 1963 4815 potius
1991 4720 2143 4808 integras

116 4812 340 4893 auctoritate,
363 4810 424 4877 sed
440 4832 461 4877 a
476 4808 585 4877 verbo
599 4805 679 4892 Dei,
704 4823 822 4879 tamen
840 4837 920 4883 cum
936 4819 1107 4909 scriptura
1158 4850 1281 4897 eorum
1297 4831 1487 4900 sententias
1502 4832 1674 4922 posuisse3
1708 4827 1910 4919 praesertim
1937 4830 2017 4891 eum
2039 4822 2083 4887 ‹le
2105 4826 2151 4888 re'
2232 4826 2240 4843 '

112 4908 317 4983 hobccilles
330 4934 349 4978 a
363 4910 572 4980 fortioribus
586 4908 787 5013 confirmari
805 4914 909 5001 velit,
933 4918 1032 4989 iuvat
1044 4916 1107 4991 ha·
1158 4940 1255 4999 tanta
1275 4928 1403 5000 iustam
1427 4933 1698 5024 disputationem
1723 4927 1950 5005 instituisset,
1983 4934 2016 4990 et
2037 4921 2075 4989 in
2098 4920 2143 4988 iis

116 5016 205 5089 bere
224 5010 404 5083 Ecclesiae
426 5011 628 5081 testimonia
649 5012 689 5080 in
713 5013 813 5082 omni
838 5038 964 5106 genere
995 5035 1109 5095 tenta·
1158 5030 1245 5101 locis
1259 5046 1477 5120 versaretur,
1508 5035 1571 5106 uhi
1592 5012 1885 5125 locupletissimae
1907 5018 2143 5094 bibliothecae

115 5115 273 5187 tionum.
311 5110 360 5183 Ut
376 5113 470 5181 enim
487 5113 585 5180 vivos
598 5111 752 5184 libenter
766 5118 995 5208 consulimus,
1020 5147 1109 5218 quos
1158 5132 1322 5218 leserunt,
1349 5148 1383 5205 et
1407 5137 1457 5206 ita
1481 5137 1676 5207 abundaret
1698 5133 1790 5215 otio,
1820 5141 1859 5198 ut
1882 5143 1953 5199 tam
1974 5146 2143 5215 magnum

117 5217 321 5287 iudicamus
340 5238 445 5284 usum
469 5214 623 5306 aliquem
644 5210 773 5286 habere
795 5219 1032 5308 spiritualium
1053 5244 1110 5297 re·-
1159 5232 1293 5305 librnm
1318 5249 1351 5306 et
1378 5240 1498 5329 plenas
1519 5231 1663 5333 ἀμάξας
1683 5226 1806 5328 λήρων
1819 5232 1986 5301 adversus
1999 5221 2037 5297 T
2038 5248 2144 5323 rope-

116 5343 220 5401 ΝΜ,
261 5316 311 5386 lla
333 5331 367 5387 el
389 5330 539 5399 velem·
577 5340 730 5408 q¹¹⁰¹¹¹ffl
751 5319 879 5421 millia
901 5327 1109 5415 P10b2nlur,
1159 5334 1321 5406 rontium
1338 5340 1528 5433 scripserit.
1563 5338 1747 5429 Quaedam
1764 5360 1804 5405 ex
1819 5328 2027 5427 Augustino
2040 5321 2145 5397 Grn-

1304 5435 1375 5510 31

129 2544 195 2621 Νο.
211 2504 301 2622 dil.
702 2552 761 2633 (io.
771 2549 893 2630 blaseio,
909 2553 1101 2635 atridam.)

129 2638 297 2670 *A*
720 2648 1081 2683 -m

434 2732 557 2833 Friel.
583 2732 792 2842 Mycenis.
