4522 5760
158 180 264 307 'aaa
704 256 713 265 -
751 201 1187 285 nrrsronannu
1236 198 1346 282 ms.
1380 179 1464 293 vu.
1498 202 1650 322 cass.
1715 180 1726 193 '
2149 202 2215 283 su

190 387 400 465 tumultuari
426 408 500 455 non
524 395 575 454 est
592 406 742 458 necesse.
789 381 888 453 Bene
901 381 1024 451 valete.
1068 373 1180 448 Orate
1229 373 1453 473 manibush,
1477 392 1512 450 et
1525 379 1666 471 tragicis
1681 378 2000 459 exclamationibus
2015 375 2215 471 ante-Regis

190 519 257 588 pro
277 516 335 562 me
355 502 389 559 et
413 512 478 580 pro
502 485 615 577 gloria
628 481 771 556 Christi.
821 483 934 554 Datae
947 481 1180 570 Vuitebergae
1229 480 1333 550 ctiam
1350 481 1516 551 conclave
1530 482 1812 573 agglutinarunt,
1836 506 1908 576 quo
1925 482 2085 553 certiora
2101 493 2137 551 et
2150 506 2217 551 ma

192 593 236 669 Α.
255 588 365 665 1635.
1219 582 1282 672 ,gis
1296 576 1482 677 quoque*)
1497 584 1694 675 perniciosa
1708 583 1865 677 pericula
1879 576 2115 658 crearentur.
2133 580 2216 653 Nam

689 683 879 779 Philippus
905 679 1129 756 Melanthos.

200 861 1182 902 Μ

194 998 261 1071 No.
280 995 388 1069 1262.
1020 994 1053 1059 4.
1070 991 1158 1055 Mart.

200 1091 371 1125 W
1004 1082 1176 1115 Μ

351 1161 571 1248 Sturmius
601 1157 663 1241 ad
692 1156 1021 1239 Mesantaonem.

263 1344 286 1398 E
306 1342 402 1399 codiee
421 1339 517 1395 Bassai
531 1337 593 1393 Vol.
609 1336 645 1392 ll.
663 1355 689 1408 p.
703 1337 765 1391 511.
788 1353 862 1390 nunc
880 1333 959 1389 edita.
996 1332 1116 1386 llabctur
1129 1349 1181 1455 ppfl:

297 1412 395 1466 sterior
419 1408 498 1463 huius
521 1405 648 1479 epistolae
672 1423 733 1477 pars
757 1406 786 1458 in
810 1404 874 1457 eod.
897 1401 1028 1474 Lipsiensi
1054 1419 1110 1472 ep.-

296 1480 378 1534 l'rior
391 1499 451 1551 pars
465 1474 595 1548 epistolae
613 1491 700 1544 usque
719 1473 754 1528 ad
776 1472 872 1528 verba:
897 1475 961 1542 „od
978 1488 1063 1525 suum
1077 1471 1182 1534 prinoi-

292 1568 361 1671 ppm
374 1544 596 1664 10011110ῗονῆ
617 1543 741 1663 acuilitqept
753 1541 805 1662 iarp
820 1541 849 1595 in
862 1540 1087 1661 si‘lqpltetqapxsysal.
1108 1537 1182 1660 εἷςιᾶι.

328 1632 476 1669 ermeno
515 1631 547 1666 er
588 1630 622 1664 or
693 1627 867 1665 ss.1·eorm.
890 1626 950 1664 rer.
993 1644 1000 1660 .
1051 1645 1058 1660 .
1100 1645 1107 1659 .

297 1686 395 1739 Totam
408 1683 491 1737 edidit
503 1702 517 1735 e
530 1682 620 1751 Msto‚
643 1690 699 1733 non
717 1679 781 1731 dixit
798 1697 869 1749 quo,
892 1676 1012 1730 Stroset
1026 1674 1053 1727 in
1067 1627 1183 1745 ahpend.

297 1755 330 1807 ad
352 1752 512 1807 Camerarii
530 1748 618 1803 vium
643 1746 774 1801 Melanth.
796 1766 821 1817 p.
840 1748 919 1816 416.,
949 1744 1026 1799 euius
1051 1743 1182 1797 lectiones

296 1822 341 1876 hic
355 1819 556 1890 adscripsimus.
576 1843 610 1858 -
645 1816 687 1868 De
700 1824 770 1868 statu
786 1824 811 1867 et
825 1817 905 1869 rebus
919 1811 1023 1867 Galliae
1037 1820 1094 1865 tum
1109 1821 1182 1865 tem-

297 1887 374 1962 poris
388 1887 441 1941 sid.
457 1886 593 1942 Camerar-
605 1885 634 1938 in
649 1883 708 1938 Vita
723 1883 855 1939 Melautb.
873 1892 898 1937 et
910 1900 956 1951 ea,
983 1898 1051 1951 quae
1065 1879 1182 1935 Strobel.

298 1958 387 2028 (Neue
397 1955 528 2031 ,Beitr'a'ge
548 1972 597 2009 sur
615 1952 666 2006 Lit.
687 1951 722 2005 V.
742 1951 983 2024 ρ.7.)αι,111)1·01
1005 1948 1136 2004 Actiones
1158 1956 1184 2000 et

299 2022 468 2080 monimenta
480 2034 630 2093 martyrum
644 2018 757 2088 (Gener.
775 2022 864 2087 1560.)
878 2017 976 2073 attulit.
994 2046 1028 2061 -
1057 2016 1182 2088 Respon-

215 2150 217 2155 ,
297 2114 358 2160 sum
371 2094 405 2148 ad
418 2093 489 2147 hanc
501 2091 579 2164 epist.
594 2091 653 2145 side
669 2088 741 2144 inira
756 2090 782 2147 d.
796 2091 836 2144 12
847 2090 930 2143 biart.

197 2250 402 2324 Ioannes
437 2246 677 2329 Sturmius
717 2220 949 2345 Philippo
987 2238 1184 2315 Melon-

620 2343 771 2425 thoni

198 2454 252 2544 Si-
265 2473 314 2542 -in
345 2473 540 2543 amicorum
572 2470 724 2562 negotiis
754 2468 821 2540 tibi
845 2469 1039 2561 aliquando
1064 2469 1186 2539 literae

198 2599 296 2645 meae
315 2575 461 2645 fuerunt
484 2587 620 2664 gratae,
659 2574 689 2642 si
711 2595 871 2665 unquam
892 2571 1071 2641 bonorum
1090 2592 1188 2639 viro-

198 2702 280 2746 rum
307 2701 363 2745 res
391 2678 504 2746 salvas
536 2698 608 2745 esse
640 2673 823 2766 cupivisti,
864 2694 907 2742 eo
931 2673 1059 2755 maiori
1084 2694 1187 2742 curae

199 2775 265 2847 hae
275 2773 303 2871 ¹)
318 2778 383 2847 tibi
397 2801 469 2846 esse
486 2777 634 2856 debent,
667 2800 738 2869 quo
753 2773 864 2862 magis
880 2772 918 2841 in
934 2773 1115 2843 communi
1130 2796 1188 2842 sa-

164 2926 168 2934 ·
201 2881 274 2948 lute
288 2892 323 2949 et
336 2879 374 2946 in
393 2878 648 2971 tranquillitate
660 2875 845 2947 retinenda
860 2868 1090 2970 versamur²).
1142 2871 1188 2944 Ut

198 2981 296 3056 enim
316 2980 356 3049 in
375 2979 687 3050 turbulentissimis
706 2977 926 3070 maximeque
947 2969 1188 3068 periculosis³)

150 3080 155 3089 “
199 3082 483 3174 tempestatibus,
517 3082 566 3151 ita
579 3082 750 3151 iactamur
766 3103 807 3149 ex
823 3078 957 3170 optimo
974 3091 1009 3149 et
1023 3072 1189 3169 pulcher-

201 3186 293 3253 rimo
317 3197 429 3268 statu,
464 3183 563 3253 cuius
583 3182 688 3252 nobis
713 3181 782 3250 viri
810 3181 1002 3271 prudentes
1029 3192 1188 3249 auctores

200 3288 362 3371 luerunt,
395 3282 433 3353 in
455 3284 625 3354 maximas
647 3283 877 3366 calamitates,
916 3295 950 3352 et
973 3283 1011 3350 in
1034 3301 1190 3349 summas

203 3409 389 3458 aerumnas
415 3386 714 3477 ineptissimorum
733 3378 924 3453 hominum
946 3382 1104 3452 consiliis
1126 3382 1188 3449 de-

205 3489 294 3577 lapsi
326 3487 458 3557 fuimus
472 3486 514 3581 ⁴).
572 3485 707 3577 Scripsi
741 3486 808 3555 tibi
839 3484 1012 3573 superiori
1044 3477 1190 3575 auno⁵),

205 3612 311 3684 quam
328 3582 475 3679 pulchre
496 3601 683 3669 staremus,
717 3609 822 3678 quam
843 3587 933 3654 bene
950 3586 994 3654 do
1007 3582 1116 3674 Regis
1130 3607 1189 3651 ae-

115 3702 118 3713 '
205 3691 340 3784 quitate
362 3690 575 3781 sperandum
601 3702 704 3771 esset3
736 3687 1001 3775 gratulabamur
1025 3699 1098 3756 tum
1124 3708 1191 3753 no-

206 3794 261 3881 bis
277 3791 446 3860 invicem:
477 3791 538 3858 sod
562 3813 638 3857 eam
654 3789 871 3858 occasionem
888 3782 1049 3857 homines
1065 3785 1191 3856 furiosi

205 3917 315 3986 prope
344 3886 489 3985 nobis⁶)
522 3890 755 3959 abstulerunt.
814 3887 883 3957 Per
914 3911 1069 3956 mensem
1096 3910 1191 3957 enim

206 3990 420 4079 Octobrem,
452 3990 565 4086 (quod
587 3992 764 4063 nonsatis
785 4012 858 4059 esse
879 4002 1067 4080 putarunt,
1101 3988 1192 4057 laeta

205 4090 283 4169 fieri
304 4094 499 4186 principia,
537 4094 633 4186 quod
655 4104 874 4176 metuerunt,
908 4113 1034 4182 parum
1061 4089 1192 4177 multos

206 4196 282 4267 iore
297 4220 440 4265 suarum
455 4194 609 4287 partium
626 4194 696 4262 nisi
711 4193 852 4273 astutis,
883 4206 922 4261 ut
943 4191 1028 4282 ipsis
1047 4190 1193 4260 videba-

209 4313 286 4381 tur,
311 4298 391 4381 sed,
415 4313 456 4367 ut
473 4320 528 4364 res
546 4296 722 4379 indicant,
755 4293 971 4385 stultissimis
995 4305 1028 4361 et
1049 4291 1193 4361 seditio·

209 4398 353 4469 sissimls
368 4397 565 4467 rationibus
579 4420 685 4486 regna
702 4410 736 4466 et
749 4409 868 4485 gentos
881 4388 1194 4489 perturbarent⁷),)

208 4500 349 4573 libellos
366 4523 438 4568 uno
462 4512 635 4588 tempore,
667 4499 711 4567 de
734 4496 920 4566 ordinibus
945 4494 1196 4577 ecclesiasticis,

211 4604 255 4673 de
280 4598 411 4684 Missa,
451 4601 495 4668 de
523 4594 765 4681 Eucharistiae,
803 4622 866 4687 per
895 4597 1096 4666 universam
1123 4596 1195 4665 lere

210 4703 367 4775 Galliam
397 4713 499 4771 nocte
534 4701 573 4768 in
603 4693 807 4792 omnibus⁸)
839 4698 978 4787 angulis
1011 4698 1198 4767 affixerunt

247 4915 276 4975 1)
293 4915 346 4964 lure
358 4929 416 4963 nou
432 4909 511 4962 babet
524 4905 618 4959 Strob.

225 5026 229 5033 ,
247 4981 277 5048 2)
293 4980 383 5035 Strob.
399 4987 426 5030 et
439 4986 531 5045 tranq.
545 4983 599 5031 ret.
612 4983 779 5029 versantem·

217 5054 220 5061 '
247 5051 278 5118 8)
293 5048 386 5103 Strob.
397 5044 572 5114 perniciosis.

246 5117 275 5183 4)
293 5115 385 5171 Strob.
401 5124 428 5169 et
440 5127 584 5167 summas.
595 5147 622 5165 ..
636 5127 744 5165 sumus.

248 5188 277 5254 5)
295 5185 342 5240 Sic
354 5184 445 5238 Strob.
460 5200 510 5251 pro
525 5190 592 5234 onte
605 5181 717 5250 onznia,
734 5189 765 5242 ut
780 5178 859 5234 babet
872 5180 933 5236 cod.
946 5179 1014 5234 lias.

246 5255 278 5321 fi)
297 5252 389 5308 Strob.
404 5269 516 5304 omnem
530 5266 579 5318 pro
595 5246 682 5303 nobs's.

248 5324 276 5391 7)
295 5321 388 5377 Strob.
402 5337 448 5371 res
461 5320 581 5383 iudicat,
597 5318 674 5371 stult.
685 5352 727 5371 ...
739 5318 964 5383 perturbassent.

248 5392 277 5462 8)
294 5391 421 5444 erunibus
435 5406 491 5441 non
506 5385 584 5440 babet
596 5384 689 5459 suos.

1231 685 1455 775 perturbatus
1484 679 1551 755 hac
1579 709 1619 754 re
1649 684 1821 779 populus,
1856 684 2001 756 territae
2025 686 2217 759 mmmm

1231 787 1478 877 cogitationes,
1508 788 1674 860 concitati
1695 785 1942 877 Magistratus,
1970 786 2219 859 -inttsmnsus

1231 885 1330 973 Rex,
1359 887 1562 978 gravissima
1580 886 1710 959 iudicia
1728 885 2044 984 11101110ῃο11),-
2065 912 2138 961 ωα
2158 889 2218 961 im-

1232 991 1375 1075 merito,
1411 990 1442 1058 si
1464 1002 1581 1060 tamen
1608 991 1648 1059 in
1658 988 1696 1084 ¹¹)
1717 1013 1757 1059 re
1776 992 1906 1060 modus
1931 991 2076 1061 servari
2100 1004 2218 1084 passu

1232 1084 1287 1161 Ex
1306 1091 1456 1161 consciis
1475 1092 1620 1183 quidam
1644 1087 1856 1183 deprehensi
1881 1115 2016 1183 poenas
2037 1094 2218 1171 dederunt,

1232 1193 1378 1285 quidam
1400 1206 1536 1262 mature
1558 1194 1626 1262 sibi
1648 1194 1873 1263 consulentes
1894 1195 2134 1283 aufugemnt3
2163 1196 2218 1289 qui
2243 1218 2252 1225 ·

1232 1295 1278 1365 ad
1293 1317 1330 1363 se
1347 1318 1385 1363 ea
1401 1294 1556 1385 pericula
1570 1310 1725 1387 spectare
1744 1318 1818 1386 ripn
1840 1295 2038 1385 putabant,
2069 1296 2135 1390 qui
2146 1319 2218 1366 noo

1232 1396 1464 1466 contaminati
1479 1408 1635 1466 eranteo
1652 1397 1795 1481 scelere,
1827 1391 1867 1465 hi
1890 1396 1998 1466 etiam
2026 1398 2216 1489 inpactum

1232 1520 1427 1590 poenarum
1452 1498 1611 1567 veniunt.
1666 1495 1850 1568 Delatores
1865 1511 1900 1568 et
1915 1497 2215 1589 Quadruplstores

1231 1600 1373 1691 publice
1388 1613 1654 1689 comparantur3
1688 1599 1833 1670 cuilibet
1845 1598 1953 1670 siusul
1967 1599 2104 1677 et‘testi
2116 1613 2152 1671 st
2167 1623 2215 1671 sc·

1233 1701 1385 1771 cusatori
1398 1700 1437 1768 in
1453 1693 1518 1769 hac
1532 1724 1634 1770 causa
1644 1696 1685 1793 ¹²)
1699 1724 1772 1771 esse
1786 1701 1878 1772 licet.
1927 1697 2016 1771 Non
2029 1724 2125 1773 vaus
2137 1696 2215 1786 suut,

1233 1826 1322 1896 quae
1338 1802 1474 1881 scribo,
1498 1803 1570 1885 lessi
1581 1798 1621 1896 ¹³)
1646 1798 1791 1887 habeto,
1823 1824 1880 1872 me
1902 1804 2123 1883 necomnie
2142 1804 2214 1873 sui·

1232 1906 1334 1989 bere,
1359 1927 1424 1973 uec
1438 1903 1485 1971 ita
1503 1903 1673 1988 scribere,
1705 1917 1746 1974 ut
1761 1904 1918 1995 ipsarum
1938 1908 2068 1973 rernm
2092 1906 2214 1977 luctiso-

1234 2005 1368 2075 sissima
1399 2004 1557 2074 conditio
1591 2005 1752 2099 requirit.
1828 2000 2046 2075 Octodecim
2082 2006 2213 2079 ustulati

1235 2119 1335 2192 sunt,
1373 2107 1493 2198 plures
1518 2106 1611 2176 idem
1637 2101 1886 2202 periculum¹‘)
1906 2104 2128 2200 expectanti
2151 2130 2215 2179 ser·

1234 2220 1325 2301 punt
1354 2208 1514 2300 quotidie
1541 2207 1648 2278 latius
1676 2208 1851 2300 pericula,
1889 2230 2012 2300 neqcre
2042 2209 2214 2305 qn‘uqnn

1236 2323 1305 2390 est,
1343 2309 1406 2402 qui
1429 2310 1547 2380 bonus
1568 2309 1631 2394 sit,
1669 2311 1732 2403 qui
1756 2331 1874 2402 neque
1896 2310 2108 2381 extimescat
2132 2310 2215 2381 calu·

1235 2409 1350 2487 ronias
1360 2425 1393 2481 et
1400 2402 1459 2507 **)
1470 2412 1612 2497 iudicia,
1626 2435 1742 2505 neque
1755 2412 1880 2493 dolore
1893 2411 2216 2500 indignissimorum

1116 2570 1125 2587 .
1236 2512 1513 2606 spectaculorum
1548 2513 1764 2584 conficiatur.
1832 2510 2005 2602 Regnent
2037 2513 2215 2585 adversarii

1237 2616 1362 2700 nostri,
1386 2630 1419 2686 et
1435 2640 1477 2686 eo
1491 2616 1611 2706 magis,
1631 2607 1935 2709 quod**,')-lustis
1948 2615 1994 2684 de
2009 2614 2216 2687 causisobti·

1237 2718 1356 2786 unisse
1365 2712 1405 2811 ¹⁸)
1420 2717 1628 2803 videantur,
1657 2732 1698 2788 ut
1719 2717 1758 2785 in
1774 2716 1944 2808 pacandis
1957 2716 2215 2791 seditiosecuo·

1237 2817 1351 2888 citatis
1372 2819 1478 2889 rebus
1497 2832 1655 2909 regnent.
1713 2815 1757 2887 ln
1787 2831 1840 2888 tot
1865 2817 2050 2911 tantisque
2074 2811 2215 2911 mallii

1238 2921 1353 2990 solum
1377 2916 1443 2990 hae
1464 2944 1542 3012 spes
1562 2945 1628 2990 uos
1653 2920 1723 2990 iam
1743 2912 1977 3014 reficiunt¹'),
2009 2920 2041 2987 si
2067 2919 2215 2991 immanis

1238 3021 1303 3092 ista
1319 3022 1483 3092 severitas
1498 3023 1629 3113 populo
1647 3021 1832 3113 displicere
1845 3019 2017 3112 incipiat,
2048 3020 2081 3089 si
2097 3045 2158 3093 rex
2171 3020 2215 3091 io·

1238 3123 1388 3213 telligat,
1420 3124 1571 3195 nimium
1599 3124 1697 3193 sitire
1726 3122 2015 3192 calamitosorum
2044 3117 2215 3194 hominus

1238 3224 1464 3314 sanguinem,
1494 3249 1521 3294 a·
1530 3225 1660 3317 quibus
1674 3223 1978 3293 alienissimaesse
1991 3224 2215 3295 deberetur.

1238 3326 1351 3397 dictae
1367 3325 1550 3419 cupiditas.
1600 3321 1699 3396 Odio
1718 3326 1815 3394 euim
1827 3344 1978 3413 magno,
2010 3348 2090 3395 nou
2112 3326 2216 3419 seqn-

1239 3441 1326 3513 tate,
1358 3451 1460 3516 agere
1482 3427 1659 3500 videntur.
1719 3425 1760 3497 si
1780 3426 1899 3497 videat
1920 3416 2145 3521 μιαιφόνων
2160 3422 2216 3497 bo-

1238 3524 1369 3622 rum²⁸)
1399 3543 1552 3610 mentes,
1595 3527 1801 3612 inclinabit,
1818 3542 1884 3599 *ut
1908 3550 2115 3618 speramus,
2141 3528 2215 3601 ein

1240 3631 1397 3714 animus,
1431 3644 1465 3699 et
1485 3631 1632 3699 meliora
1648 3628 1766 3720 capiet
1780 3629 1937 3699 consilia.
1989 3624 2144 3703 110100
2155 3628 2216 3701 ssi·

1241 3754 1348 3822 guum
1364 3732 1551 3814 solatium,
1574 3733 1635 3801 sed
1650 3743 1768 3799 tamen
1780 3754 1857 3799 non
1870 3730 2095 3816 diffidimus,
2110 3728 2215 3803 lisura

1144 3887 1152 3903 .
1241 3856 1334 3919 esse,
1359 3832 1421 3927 qui
1443 3834 1689 3902 moderatums
1715 3832 1761 3901 sit
1783 3826 1848 3902 bas
1871 3826 2165 3927 tempestates-¹),
2181 3843 2215 3901 -et

1244 4022 1472 4041 m

1275 4146 1303 4216 9)
1322 4146 1413 4203 Strob.
1429 4146 1611 4200 immanibus.

1276 4232 1305 4298 *j
1323 4248 1432 4300 quoque
1442 4247 1498 4282 non
1514 4228 1593 4282 habet
1608 4227 1701 4283 Strob.

1278 4315 1322 4384 10)
1340 4315 1433 4370 Strob.
1447 4316 1657 4368 constituerunt.

1281 4403 1324 4463 11)
1342 4399 1435 4453 Strob.
1447 4396 1537 4452 addita
1561 4414 1605 4452 ea.

1280 4484 1324 4550 12>
1344 4481 1438 4536 Strob.
1450 4482 1542 4534 simul
1553 4489 1581 4533 et
1594 4480 1755 4535 amori
1764 4488 1792 4532 st
1804 4480 1873 4533 testi
1886 4481 1918 4533 ist
1933 4485 2039 4537 eodm
2051 4498 2145 4539 m.

1280 4566 1324 4635 13)
1342 4566 1435 4621 Strob.
1451 4574 1481 4618 et
1492 4565 1542 4619 sis.

1281 4654 1325 4720 14)
1343 4651 1434 4706 Strob.
1445 4652 1546 4717 plures
1560 4649 1637 4716 capti
1646 4651 1719 4701 idem
1731 4646 1903 4712 supplicium.

1279 4738 1328 4804 sm)
1346 4742 1386 4802 et]
1397 4733 1489 4788 Strob.
1506 4751 1550 4791 oc.

1279 4819 1342 4886 ***)
1363 4822 1438 4887 quod
1450 4816 1526 4871 abest
1539 4837 1555 4872 s
1568 4816 1629 4871 cod.
1644 4815 1709 4871 Bar.

1283 4907 1326 4972 15)
1344 4903 1412 4961 cod.
1425 4903 1561 4956 timuisse.

1279 4994 1323 5056 16)
1341 4990 1410 5048 Cod.
1425 4989 1516 5043 rebus.

1284 5078 1330 5142 17)
1346 5074 1438 5131 Strob.
1455 5074 1525 5125 dues
1541 5085 1606 5138 spes
1623 5087 1676 5127 ms
1691 5072 1787 5142 reficit.

1285 5151 1891 5224 18)(ἶοᾶ.1100.μιαιφόνους,01110011υο
1905 5148 2032 5216 Strobel.
2068 5162 2222 5225 Probum
2257 5120 2259 5127 v

1316 5226 1408 5282 Strob.
1422 5226 1579 5278 sommum.

1285 5312 1327 5379 19)
1344 5310 1400 5363 Pro
1421 5312 1475 5361 Μ*
1495 5316 1689 5376 tempestates,
1718 5317 1748 5362 us
1766 5308 1859 5364 scroti.
1882 5308 1987 5381 edidis,
2011 5315 2076 5371 eoa.
2090 5316 2223 5376 mu

1317 5384 1368 5435 sno
1380 5388 1507 5445 tempore
1518 5384 1621 5433 status.
1750 5412 1754 5420 .
