4522 5760
115 196 191 290 itt
382 233 386 239 -
479 221 481 225 ·
688 158 1381 287 necsrocaeoussrmjn.
1435 208 1570 284 esse.
2070 202 2143 289 tse

118 379 294 475 servare²)
315 379 552 450 communiter
572 403 652 449 cum
674 379 754 449 aliis
778 375 991 472 adiaphora,
1026 403 1106 449 cum
1150 378 1384 468 necessitatis,
1408 382 1480 465 sed,
1506 383 1598 454 sicut
1611 385 1699 453 alios
1714 384 1877 476 politicos
1893 409 2024 472 mores,
2049 400 2145 457 tran-

119 497 251 558 extarct
265 498 358 553 recta
372 481 552 562 doctrina,
579 506 619 550 ex
636 506 704 574 qua
726 482 901 552 discerent
926 483 1108 550 conscicn-
1152 482 1339 575 quillitatis
1363 496 1398 552 ct
1419 484 1557 554 ordinis
1578 509 1692 555 eausa.
1743 484 1860 554 Facile
1884 488 1995 575 igitur
2020 484 2145 561 dehac

119 588 205 672 tiae,
231 585 409 678 quomodo
435 583 511 652 sine
535 584 785 677 superstitione
806 584 889 655 talia
913 578 1108 675 adiaphora
1151 607 1190 652 re
1204 584 1335 675 poterit
1350 586 1539 655 concordia
1553 586 1710 672 restitui,
1736 584 1874 682 quia⁴²)
1895 602 1929 657 et
1947 584 2144 661 doctrinam

119 678 292 762 ,malda
314 698 440 759 essent,
541 760 544 765 .
1150 700 1307 755 nostram
1325 686 1368 755 de
1385 679 1453 755 hoc
1471 687 1620 758 articulo
1639 689 1792 779 probant
1805 713 1930 758 omnes
1944 690 1998 781 pii
2013 705 2051 762 et
2068 716 2144 763 ero-

1151 787 1235 872 diti,
1260 801 1294 856 et
1310 787 1447 873 nostri,
1469 790 1621 859 admissa
1636 790 1815 876 doctrina,
1850 814 1956 861 nsum
1984 793 2143 864 traditio-

1151 912 1238 957 num
1253 883 1423 959 charitate
1431 885 1474 986 ⁴³)
1487 891 1667 962 moderari
1680 889 1913 984 deberent⁴⁴).

919 1015 997 1114 <122
1019 1010 1341 1118 Confessionert

236 1136 343 1237 lta⁴⁶)
359 1165 437 1210 meo
454 1141 585 1211 iudicio
599 1143 759 1232 prodest,
784 1138 823 1206 in
841 1132 1009 1207 Ecclesiis
1021 1137 1173 1208 retinere
1188 1140 1443 1209 confessionem
1458 1156 1491 1211 et
1506 1155 1693 1234 propterea
1715 1143 1813 1236 quod
1836 1142 1972 1215 abolito
1980 1141 2027 1238 ⁴⁷)
2048 1172 2141 1219 more

120 1245 353 1318 absolutionis
370 1240 629 1338 obscuratur⁴⁸)
646 1240 807 1312 doctrina
821 1241 865 1309 de
882 1240 1089 1308 remissione
1115 1252 1337 1330 peccatorum
1360 1255 1393 1311 et
1418 1256 1587 1334 potestate
1611 1243 1782 1329 clavium,
1810 1256 1846 1313 et
1866 1259 2016 1336 propter
2040 1250 2141 1321 disci.

119 1350 265 1441 plinam.
316 1342 512 1415 Commode
529 1345 624 1413 enim
634 1338 678 1437 ⁴⁹)
694 1356 840 1434 possunt
855 1336 1017 1410 homines
1034 1342 1072 1408 in
1089 1341 1307 1410 confessione
1328 1342 1466 1412 institui
1476 1341 1538 1437 60);
1565 1349 1631 1414 ne'c
1653 1339 1760 1415 habet
1781 1344 1973 1439 quicquam
1997 1353 2140 1441 periculi

120 1465 182 1521 aut
206 1447 425 1518 incommodi
446 1446 640 1530 confessio,
667 1444 698 1512 si
720 1438 881 1512 homines
904 1457 997 1512 recte
1021 1444 1232 1525 doceantur,
1264 1465 1309 1511 ne
1331 1441 1619 1541 superstitiosa⁸¹)
1642 1446 1907 1517 enumeratione
1920 1466 2139 1539 peecatorum

119 1564 312 1622 onerentur
330 1548 582 1634 conscientiae,
615 1540 695 1641 ρι’)
713 1545 743 1614 si
759 1540 1021 1639 ‹loceantur⁵²),
1051 1545 1146 1612 unde
1169 1543 1213 1611 sit
1230 1543 1387 1615 remissio
1405 1561 1641 1638 peccatorum.
1692 1544 1784 1616 Nam
1807 1549 1850 1617 de
1874 1554 2138 1626 enumeratione

119 1645 343 1723 sentiendum
358 1664 424 1734 est,
451 1651 540 1719 sicut
554 1652 597 1718 de
611 1649 689 1717 aliis
706 1645 957 1718 traditionibus
973 1644 1229 1728 ecclesiasticis,
1252 1648 1346 1736 quod
1364 1647 1440 1715 sinc
1458 1662 1597 1739 peccato
1615 1647 1730 1718 omitti
1749 1649 1868 1740 possit.

221 1751 344 1844 Itaque
360 1753 404 1819 de
418 1747 475 1819 his
489 1765 640 1844 quatuor
656 1748 814 1819 articulis
829 1746 943 1815 facilis
958 1760 1009 1816 est
1022 1747 1112 1815 ratio
1130 1746 1394 1816 constituendae
1413 1744 1689 1844 concordiae⁵³)‚
1713 1744 1915 1848 scilicet**)
1931 1755 1976 1823 de
1991 1759 2140 1828 auctori-

117 1869 187 1928 tate
203 1850 481 1945 Episcoporum,
514 1854 557 1922 de
572 1852 797 1923 ordinatione
812 1849 1050 1934 sacerdotum,
1081 1849 1125 1916 dc
1141 1847 1392 1920 traditionibus
1411 1845 1577 1922 humanis
1592 1852 1631 1920 in
1647 1850 1753 1921 rebus
1766 1852 1911 1939 mediis,
1942 1860 2040 1928 etde
2061 1882 2140 1929 eon.

116 1955 280 2027 sessione.
1271 2034 1279 2065 ἱ

167 2104 245 2207 (Da
260 2104 469 2203 praecipuis
484 2098 670 2177 articulis:
705 2096 750 2175 de
766 2098 1023 2199 iustificatione
1031 2131 1044 2187 3
1071 2098 1113 2172 de
1126 2099 1256 2174 Misso
1279 2112 1311 2174 et
1336 2112 1490 2204 utruque
1510 2093 1644 2204 ‘specim
1671 2099 1714 2176 de
1737 2102 1836 2178 cultu
1852 2103 2077 2181 Sanctorum
2085 2141 2095 2201 3

287 2200 291 2213 ’
900 2200 944 2274 de
959 2202 1050 2274 uotis
1067 2213 1099 2273 et
1114 2203 1323 2298 coelibatu.)
1332 2206 1375 2303 ⁶⁴)

938 2332 993 2400 Dc
1013 2328 1258 2414 iustificatione.
1275 2334 1318 2417 ⁵⁵)

217 2442 506 2517 Controversiam
528 2444 571 2511 de
589 2434 847 2534 iustificatione
867 2440 942 2533 ipsa
968 2454 1125 2528 tempora
1144 2439 1368 2523 mollierunt;
1401 2463 1484 2508 nam
1508 2441 1553 2509 de
1575 2442 1698 2511 multis
1716 2435 1839 2537 iam¹⁸)
1860 2447 2034 2518 convenit
2054 2450 2141 2523 iuter

116 2550 257 2631 doctos,
283 2549 327 2616 de
345 2546 476 2638 quibus
492 2542 594 2613 initio
608 2544 753 2613 fuerunt
765 2565 893 2631 magna
908 2540 1111 2612 certamina.
1161 2537 1274 2609 Nemo
1291 2539 1360 2610 iam
1376 2541 1534 2611 defendit
1549 2539 1664 2635 ista³’)
1681 2543 1848 2629 absurda,
1871 2570 1963 2640 quae
1977 2550 2141 2641 leguntur

114 2642 211 2741 apud
227 2643 472 2730 scholasticos,
496 2646 591 2737 quod
608 2639 772 2713 homines
786 2643 923 2734 possint
936 2643 1004 2732 legi
1019 2639 1090 2710 Dei
1102 2640 1311 2727 satisfacere,
1336 2644 1433 2735 quod
1448 2658 1649 2714 mereantur
1662 2644 1907 2717 remissionem
1920 2665 2138 2739 peccatorum

116 2749 286 2840 dignitate
310 2771 455 2816 suorum
479 2770 645 2838 operum,
663 2746 775 2838 -quod
785 2739 827 2841 ⁸⁸)
851 2745 924 2813 sint
941 2742 1042 2827 iusti,
1075 2741 1114 2811 id
1141 2754 1208 2827 est,
1242 2744 1375 2836 accepti
1397 2734 1543 2834 propter
1562 2746 1743 2837 propriam
1768 2747 1979 2835 dignitatem
2003 2766 2042 2823 et
2059 2755 2138 2845 legit

114 2849 370 2943 impletionem.
421 2843 558 2918 Omnes
578 2845 650 2914 iam
675 2846 845 2930 fatentur,
878 2845 947 2914 tide
968 2867 1057 2936 opus
1082 2867 1172 2927 esse,
1206 2837 1274 2913 hoe
1298 2859 1368 2929 est,
1392 2847 1518 2915 fiducia
1538 2846 1577 2915 in
1595 2843 1776 2917 Christum
1796 2863 1829 2918 et
1846 2850 2136 2952 remissionem⁸’)

114 2967 349 3045 peccatorum,
375 2953 419 3021 de
435 2973 505 3042 qua
520 2949 589 3016 tide
604 2970 665 3016 seu
679 2940 858 3045 fiducia⁰⁰)
875 2946 974 3016 nulla
991 2959 1043 3015 est
1058 2946 1191 3014 mentio
1208 2944 1247 3014 in
1264 2940 1491 3018 Scholasticis
1500 2940 1553 3044 ⁶¹).
1603 2944 1741 3019 Omnes
1754 2947 1825 3017 iam
1840 2952 2012 3043 fatentur,
2035 2956 2135 3029 inter·

116 3077 189 3123 esse
206 3054 337 3142 gloriae
352 3047 503 3136 Christi,
527 3062 568 3119 ut
582 3049 643 3118 illa
659 3048 743 3118 fides
759 3047 956 3118 inculcetur
968 3043 1188 3121 hominibus.

215 3152 393 3226 Convenit
419 3153 504 3222 item
529 3151 624 3221 inter
648 3152 770 3222 doctos
790 3151 834 3221 de
857 3145 972 3219 libero
993 3144 1171 3232 arbitrio,
1197 3149 1241 3217 de
1260 3154 1407 3243 peccato
1430 3144 1606 3241 originis,
1632 3161 1666 3220 et
1683 3150 1727 3219 de
1744 3149 1925 3246 plerisque
1941 3157 2025 3227 aliis
2038 3181 2132 3251 quas

113 3255 288 3330 stionibus
303 3254 512 3325 coniunctis.

216 3356 335 3445 Quare
348 3356 378 3425 si
392 3354 555 3425 Pontifex
571 3366 632 3422 aut
646 3353 715 3445 ipsi
731 3350 846 3443 Reges
864 3354 992 3423 dmcnt
1007 3375 1171 3443 operam,
1197 3361 1238 3447 nt
1251 3348 1363 3442 aliqui
1378 3349 1466 3419 boni
1479 3350 1598 3420 viriet
1622 3347 1867 3446 prudentes⁸²)
1893 3355 2130 3453 colloqueren-

113 3475 190 3543 tur,
214 3459 317 3527 facile
332 3470 447 3548 posset
462 3451 548 3524 haec
562 3454 801 3524 controversia
817 3455 861 3523 de
875 3452 1123 3525 iustificatione
1139 3450 1329 3521 diiudicari
1346 3475 1386 3520 ac
1401 3451 1535 3523 dirimi.
1586 3448 1634 3521 Et
1653 3454 1798 3544 quidem
1820 3457 2007 3547 prodesset
2021 3458 2130 3531 Eccle-

116 3560 206 3644 siae,
231 3573 347 3628 extare
361 3556 555 3647 simplicem
574 3569 607 3625 et
624 3556 767 3645 planam
784 3555 984 3625 doctrinam
1000 3556 1044 3623 de
1061 3552 1322 3625 iustificatione.
1372 3549 1445 3622 Res
1462 3567 1513 3622 cst
1529 3553 1623 3621 enim
1642 3557 1834 3625 necessaria
1850 3558 2128 3653 conscientiis⁶³).

113 3660 207 3734 Sunt
221 3674 339 3732 autem
354 3659 425 3728 duo
442 3656 600 3739 articuli,
625 3657 714 3726 alter
732 3658 777 3724 de
791 3649 1022 3725 Remissioris
1032 3660 1280 3751 peccatorum,
1305 3654 1395 3724 alter
1409 3654 1452 3722 de
1469 3646 1651 3747 dignitate
1664 3650 1841 3726 bonorum
1860 3681 2012 3755 operum
2026 3664 2065 3733 in
2081 3659 2128 3733 bis

113 3763 175 3858 qui
192 3762 263 3834 iam
279 3758 495 3831 reconciliati
510 3749 656 3848 sunt⁶⁴).

214 3863 268 3933 De
281 3864 400 3955 priore
414 3859 563 3928 articulo
581 3858 686 3927 etiam
706 3855 884 3937 existimo,
909 3856 1012 3924 facile
1024 3874 1126 3944 posse
1141 3854 1308 3924 constitui
1324 3854 1569 3936 concordiam,
1593 3858 1688 3948 quod
1714 3855 1934 3958 videlicet⁶‘)
1955 3864 1996 3933 in
2019 3864 2125 3935 remis-

113 3958 267 4057 sione⁰⁶)
288 3975 510 4054 pcccatorum
526 3957 717 4028 necessaria
731 3956 776 4028 sit
791 3956 957 4028 contritio
974 3969 1008 4026 et
1021 3954 1168 4024 mutatio
1186 3981 1347 4042 morum,
1374 3969 1541 4029 ettamen
1557 3959 1799 4029 remissionem
1815 3964 2042 4055 contingere,
2063 3988 2122 4037 non

146 4151 178 4219 ²)
194 4136 264 4206 cod·
279 4149 359 4205 Mon·
372 4156 491 4206 serm
1177 4112 1224 4183 **)
1242 4112 1333 4171 Scbw.
1351 4116 1461 4172 inserit:
1479 4121 1515 4170 de
1526 4127 1669 4185 potestate
1678 4094 1811 4173 Romani
1820 4120 1979 4195 beneficis.

146 4236 194 4391 tt
211 4235 693 4379 aaut
1177 4197 1293 4326 ute
1307 4200 2119 4340 ”tuttattsa.'¹sstttmtzt‘⁰‘⁰‘rw*

146 4408 192 4478 44)
211 4408 261 4461 mc
275 4409 369 4463 smum„
381 4428 476 4481 .Ροῧῆ
491 4410 520 4463 in
532 4408 595 4464 cod·
613 4407 707 4460 Mem
1181 4351 1225 4420 66)
1246 4352 1336 4408 Etiam
1351 4354 1417 4410 baec
1434 4355 1574 4427 inscriptio
1589 4374 1647 4410 non
1661 4367 1699 4409 est
1713 4376 1755 4428 ap.
1768 4356 1861 4415 Scbw.

246 4494 252 4507 ,
391 4494 398 4506 ,
465 4496 471 4508 ,
504 4493 511 4508 ,
1181 4436 1227 4502 66)
1246 4443 1304 4492 mm
1319 4460 1376 4494 non
1391 4440 1490 4496 babent
1505 4438 1567 4496 cot.
1581 4438 1645 4496 Per.
1659 4454 1687 4496 et
1699 4438 1784 4498 Peuc.

146 4495 191 4562 tt)
212 4493 298 4547 Etiam
311 4496 377 4548 baec
391 4505 530 4564 suscriptio
545 4494 619 4547 abest
632 4512 648 4545 e
659 4490 784 4545 Schweb.
1179 4520 1223 4591 57)
1242 4524 1298 4577 mo
1312 4524 1386 4579 'hm
1399 4544 1414 4579 ι
1427 4525 1492 4581 cod·
1508 4526 1589 4580 Mon·
1601 4537 1628 4580 a
1641 4534 1712 4584 vm·
1726 4544 1812 4599 sm·

146 4578 191 4646 46)
210 4577 258 4631 lta
271 4576 395 4634 schweb,
410 4588 524 4630 tantum.
538 4575 616 4629 babel
960 4654 964 4659 Ι
1178 4605 1223 4672 53)
1242 4606 1331 4661 δῶν.
1348 4612 1423 4677 quod
1436 4611 1560 4681 qums„-

145 4664 191 4732 47)
210 4660 299 4716 ΜΝ·
312 4679 379 4729 ΨΜ
393 4662 428 4711 ⁰⁶
439 4662 496 4710 “¹¹⁰
504 4697 513 4727 r
531 4658 672 4713 minimi·
1178 4688 1223 4757 59)
1242 4688 1303 4745 cot.
1320 4691 1382 4747 Pee.
1396 4692 1480 4751 Peuc.
1493 4709 1520 4750 et
1534 4697 1598 4750 eod.
1612 4694 1695 4750 Goth.
1711 4699 1740 4750 in
1753 4701 1933 4769 remieee‘otte.

116 4766 122 4773 '
143 4750 190 4815 ⁴8)
211 4747 271 4802 00¹·
288 4746 348 4799 ¹²⁶³·
364 4751 390 4798 ‘¹
404 4742 487 4799 ΡΜ·
501 4745 682 4797 ⁰⁵³W⁶‘“'·'
1176 4771 1222 4841 60)
1239 4790 1289 4827 seu
1295 4774 1384 4845 fietus.
1402 4774 1572 4835 nou'hebent
1585 4777 1647 4835 cot.
1661 4779 1725 4835 Per.
1740 4791 1767 4835 et
1781 4780 1869 4841 Peuc.

145 4833 195 4904 49)
212 4831 301 4887 Sclm
317 4828 422 4929 immi
616 4916 620 4923 Ι
1176 4854 1222 4922 61)
1241 4867 1269 4910 et
1281 4863 1473 4915 remissionem
1483 4890 1517 4904 -
1529 4896 1566 4908 -
1577 4865 1750 4921 scholasticis
1764 4865 1957 4927 desiderantur
1968 4874 2118 4950 apotsetv.

146 4920 190 4989 60)
210 4916 303 4975 Schw.
314 4923 429 4967 mmm·
1033 4974 1037 4981 .
1143 4932 1146 4937 ⁴
1178 4938 1223 5003 62)
1243 4939 1303 4995 Col.
1320 4943 1384 4999 l’ee.
1399 4956 1425 5000 et
1440 4946 1525 5001 Peuc.
1539 4949 1646 5001 tent-et
1658 4952 1811 5013 prudentes
1823 4930 1889 5007 uiri.

145 5022 191 5080 51)
211 5018 280 5077 Cod.
294 5014 379 5071 Go'tb.
390 5028 451 5066 nee·
884 5064 892 5073 .
1143 5014 1146 5019 ’
1177 5022 1224 5088 66)
1242 5024 1300 5080 fiee
1312 5036 1354 5079 est
1367 5030 1444 5081 enim
1458 5040 1511 5086 etc.
1524 5048 1580 5085 non
1598 5030 1677 5086 babet
1688 5028 1780 5087 Sebw.

145 5120 175 5183 e)
193 5130 221 5173 et
233 5138 289 5173 non
304 5116 404 5169 babent
417 5109 516 5165 colus.
529 5107 592 5163 Ρη.
607 5117 633 5160 et
647 5107 731 5165 Peuc.
1174 5104 1219 5169 st)
1238 5109 1267 5159 in
1278 5109 1321 5161 Ιηζς
1335 5117 1386 5164 210,
1400 5111 1491 5167 schoa
1505 5133 1562 5169 Μ
1575 5113 1664 5169 ΜΕ),
1684 5112 1744 5169 001·
1757 5116 1820 5170 pu·
1835 5118 1923 5177 pm·
1938 5132 1967 5179 e,
1978 5126 2040 5183 eod.
2049 5126 2119 5183 m

146 5189 192 5255 52)
211 5187 274 5243 Col.
287 5186 348 5238 Ρη.
361 5192 387 5236 et
400 5182 482 5234 Peuc-
494 5183 639 5231 doceatur.
661 5175 744 5247 Apud
752 5175 842 5233 sete.
854 5194 890 5229 ne
902 5182 1098 5246 superstitioso
1209 5192 1259 5242 pro
1274 5179 1303 5229 r'o
1316 5179 1363 5231 tlte
1375 5189 1427 5233 etc.
1439 5178 1554 5235 babent:
1572 5199 1622 5236 seu
1633 5185 1669 5236 de
1682 5186 1791 5240 meretis
1805 5189 1835 5241 in
1845 5194 2047 5252 resonee'te‘atte.

180 5255 393 5310 enumeratione
410 5283 445 5296 -
462 5277 494 5292 -
511 5252 685 5313 doceantur,
701 5263 758 5299 non
769 5243 906 5316 teguntur.
1173 5255 1220 5321 65)
1239 5261 1366 5315 ur'dele'eet
1379 5262 1454 5319 street
1467 5265 1583 5321 aScbw.
1597 5277 1624 5322 et
1638 5267 1701 5323 cod.
1714 5268 1829 5329 Monac.

146 5342 194 5411 66)
210 5337 302 5399 scta.
313 5332 499 5389 metuende·
508 5328 698 5386 meotidem·
1172 5339 1219 5410 66)
1236 5341 1321 5401 Peuc.
1332 5347 1363 5400 t'et
1374 5347 1589 5404 remissionem·
1613 5348 1679 5409 l’ee.
1693 5360 1721 5407 et
1737 5350 1840 5413 Celei).
1853 5362 1897 5413 d
1907 5365 2100 5423 rmus,
